3275 4917
380 250 522 323 Spondere
539 254 726 311 dioecesano
746 251 983 323 drperrlirrerrats
1000 269 1028 309 α.
1046 251 1128 309 1894.
1309 236 1375 303 429

115 429 240 495 eontm
262 424 486 511 praescriptum
509 425 667 493 Ecclesiae
689 423 804 510 agant,
835 422 888 489 sed
918 442 937 488 a
964 422 1097 509 singulis
1127 422 1185 490 hoo
1215 424 1372 511 angustis·

117 534 246 599 simum
268 529 455 597 sacrificinm
476 530 578 611 omni,
608 548 671 615 qna
693 531 827 615 puroet,
850 526 1056 615 religionem
1078 528 1233 615 dignitate
1255 548 1375 615 semper

118 638 289 706 offeratur.

473 784 551 869 Gap.
575 784 626 852 ΙΙ.
660 784 712 851 De
733 788 829 851 erratu
849 788 879 849 et
898 784 1031 852 musica.

236 925 291 996 30.
317 928 419 993 Aurea
442 926 534 992 rerba
556 925 594 991 de
615 925 710 991 onutn
733 942 820 991 saoro
841 921 957 1007 profert
978 921 1010 991 S.
1033 920 1169 1015 Jpannes
1193 922 1376 1010 chrysosto-

122 1050 212 1111 mus,
234 1051 304 1098 enm
326 1031 423 1098 dioit:
446 1028 556 1097 »Nihil
578 1029 714 1096 animem
737 1047 834 1113 aeque
856 1027 951 1113 erigit
972 1030 1004 1093 et
1022 1027 1138 1094 aratum
1151 1028 1376 1112 quodammodo

123 1136 229 1203 elficit
251 1138 284 1203 et
307 1155 326 1203 e
347 1137 433 1202 terra
454 1135 567 1202 liberat
589 1136 622 1201 et
643 1132 772 1201 exsoluit
794 1151 813 1197 a
838 1131 967 1199 vineolis
990 1132 1125 1217 eorporis
1146 1134 1177 1199 et
1199 1151 1303 1199 amore
1325 1151 1374 1199 sa·

123 1240 266 1325 pientiae
289 1239 416 1307 allinit«
449 1239 577 1307 Nullam
599 1241 705 1305 antem
728 1237 855 1321 reperiri
875 1237 985 1303 cantus
1007 1234 1150 1321 speeiem,
1170 1256 1249 1321 qnae
1270 1236 1376 1303 diuino

124 1344 232 1411 oldoio
253 1346 297 1411 sit
318 1346 420 1429 aptior
442 1346 546 1424 oautn,
569 1362 662 1428 quem
685 1342 912 1427 Gregorianum
937 1343 1057 1419 rooant,
1081 1342 1114 1407 et
1135 1340 1249 1407 summi
1273 1341 1374 1426 ponti·

126 1450 205 1516 tices
227 1451 259 1515 et
281 1468 369 1517 soora
389 1448 520 1515 oonoilia
542 1448 666 1535 saepius
689 1447 821 1515 edixere.
867 1446 962 1512 Porro
985 1447 1054 1530 quis
1076 1463 1136 1511 non
1158 1463 1250 1531 aegre
1271 1445 1375 1525 terret,

127 1553 245 1621 notitia
267 1556 301 1621 et
321 1572 379 1621 usn
402 1556 513 1620 cantus
536 1551 719 1639 Gregoriani
744 1554 882 1619 nostram
906 1569 965 1616 non
989 1548 1124 1631 eminere
1146 1549 1322 1630 dioecesim,
1340 1569 1376 1617 ex

127 1678 193 1742 qna
216 1657 290 1725 olim
312 1658 470 1726 oriebatur
492 1659 620 1725 sanetus
640 1656 694 1722 ille
718 1657 804 1743 Papa
827 1654 887 1721 Leo
912 1654 983 1734 lX.,
1014 1654 1052 1720 de
1081 1674 1141 1740 quo
1164 1653 1298 1720 scribere
1320 1674 1372 1738 po·

126 1764 195 1830 tuit
219 1762 400 1848 Sigebertus
423 1761 675 1829 Gembleoeneie:
710 1759 743 1827 Si
776 1760 846 1845 quis
878 1759 1023 1827 attendat
1054 1762 1165 1826 centua
1196 1758 1227 1825 in
1262 1758 1376 1825 honore

129 1870 307 1935 sanctorum
337 1868 377 1932 ab
407 1867 473 1950 ipso
500 1864 703 1951 compositos,
736 1883 806 1932 enm
842 1864 939 1948 primo
972 1862 1122 1950 Gregorio
1156 1881 1236 1949 popa
1264 1864 1376 1930 merito

130 1971 367 2055 comparabili«

234 2074 295 2142 Sed
318 2094 389 2142 eum
411 2076 523 2142 eantur
541 2077 574 2141 et
595 2074 714 2141 mustea
736 2074 769 2139 in
791 2072 894 2139 oifioio
915 2071 1020 2140 divino
1042 2072 1182 2139 adhiberi
1210 2074 1375 2157 nequeant,

130 2179 205 2265 quin
220 2180 362 2264 subjecta
371 2178 436 2244 sint
447 2179 620 2263 praeceptis
633 2177 860 2257 ecelesiasticis,
870 2176 945 2261 ipsis
958 2176 1063 2258 innixi,
1075 2178 1153 2245 haee
1164 2176 1374 2245 decrevimus:

237 2290 288 2362 31.
312 2292 462 2358 Sacerdos
482 2292 608 2359 missam
624 2312 695 2360 oum
712 2292 806 2357 oantu
823 2290 981 2357 celebrans
996 2290 1117 2357 intonet
1132 2290 1249 2369 Gloria,
1266 2289 1375 2370 Credo,

132 2398 180 2465 lte
204 2398 299 2464 misso
318 2399 367 2465 aet
388 2416 425 2463 ex
446 2397 511 2465 sola
533 2395 668 2465 editione
689 2397 793 2483 typiea
810 2394 946 2463 Missalis
971 2396 1112 2476 Romani,
1136 2395 1288 2463 orationes
1305 2413 1375 2461 roro

133 2505 237 2569 cantet
259 2502 297 2569 ad
324 2521 462 2569 normam
485 2500 712 2569 eaeremoniali
735 2501 955 2586 episcoporum
979 2500 1140 2568 traditam.
1186 2498 1263 2568 (inm
1291 2500 1375 2567 enuit

136 2608 359 2674 Praelationem
382 2608 414 2671 et
436 2607 540 2683 Pater,
564 2625 670 2672 rorem
693 2605 760 2687 ejus
782 2623 933 2689 organum
956 2623 993 2671 ne
1011 2605 1194 2671 comitetur:
1219 2622 1374 2689 nunqnam

135 2710 256 2777 omnino
278 2710 405 2777 missam
429 2709 624 2789 dimidiatam
647 2708 696 2775 rel
719 2709 899 2774 truncatam
922 2710 1048 2775 eantare
1071 2706 1197 2776 audeat.

236 2814 368 2881 Paroolri
391 2816 440 2879 est
461 2832 579 2894 enrare,
603 2832 641 2879 ne
661 2812 695 2878 in
715 2814 811 2878 misse
834 2813 961 2878 cantatu
984 2812 1032 2878 rel
1054 2812 1086 2877 iu
1110 2810 1212 2879 olfioio
1235 2830 1376 2897 respera-

135 2939 203 2985 rnm
225 2919 383 2985 cantiones
405 2918 514 3004 lingua
535 2918 700 2985 remaonla
720 2914 925 3002 proterantur.
970 2916 1024 3001 (R.
1049 2915 1092 2983 ll.
1117 2914 1220 3005 147.)

235 3030 291 3101 32.
323 3031 401 3098 Tam
425 3030 615 3115 antiquitate
641 3048 734 3114 qnam
758 3047 871 3113 genere
892 3028 957 3113 ipso
981 3028 1100 3095 ueteres
1122 3030 1233 3097 eantur
1256 3028 1373 3113 speeies

136 3136 290 3221 praeeedit
311 3139 422 3203 cantus
444 3136 555 3221 planus
578 3154 633 3203 een
656 3133 879 3220 drogonum,
901 3152 992 3219 quem
1015 3152 1052 3201 ea
1074 3133 1112 3199 de
1134 3152 1228 3201 musa
1243 3152 1313 3199 enm
1329 3132 1375 3199 ol-

137 3240 202 3307 deio
222 3241 326 3307 divino
348 3240 464 3325 optime
484 3252 654 3324 congruere
674 3237 799 3323 judicat
826 3240 936 3304 sancta
963 3239 1064 3303 mater
1088 3236 1237 3305 lleeleeia.
1284 3236 1375 3303 Tern-

137 3365 203 3431 pora
225 3346 330 3412 antem
354 3345 516 3423 adrentus,
540 3342 628 3409 lestis
650 3342 885 3409 solemnioribus
908 3340 1061 3427 exeeptis,
1083 3343 1115 3408 el
1138 3342 1170 3407 in
1194 3340 1296 3408 missis
1318 3340 1374 3407 de·

137 3451 308 3518 innatorum
330 3450 411 3518 alius
430 3451 540 3516 cantus
561 3467 598 3514 ao
621 3446 830 3531 Gregorianns
854 3465 892 3512 ne
914 3446 1111 3516 adhibeatur.
1147 3446 1298 3513 Cantetur
1318 3464 1376 3512 an·

136 3558 194 3622 tem
218 3556 329 3623 oentns
352 3554 462 3639 planus
491 3552 523 3618 in
552 3551 696 3620 omnibns
728 3551 882 3637 parochiis
914 3570 950 3619 ex
978 3551 1067 3617 libris
1097 3550 1129 3617 in
1157 3570 1249 3617 usum
1284 3548 1376 3635 hujus

137 3657 278 3737 dioecesis
297 3658 485 3744 approbatis.
530 3656 623 3725 Omni
646 3675 717 3723 rere
739 3676 796 3741 ope
818 3656 913 3742 etque
937 3675 1028 3743 opera
1052 3656 1234 3725 annituntur
1259 3654 1375 3735 oloriei,

138 3766 170 3827 nt
187 3782 257 3828 eum
280 3765 326 3830 ita
348 3764 485 3840 discant,
508 3764 687 3840 exererent,
712 3759 852 3841 loreant,
876 3762 912 3827 nt
932 3779 1038 3828 saurae
1060 3760 1210 3847 liturgiae
1232 3760 1377 3827 taxtnsa

138 3868 314 3933 eruentibus
335 3869 418 3934 reete
440 3867 658 3951 pronuntietur
681 3867 714 3932 et
735 3867 830 3932 oautn
855 3864 980 3950 egregie
1004 3865 1180 3935 adornetur.

234 3977 289 4049 33.
324 3980 477 4046 llxirninm
509 3978 620 4057 deone,
651 3978 833 4063 praesertim
865 3978 973 4044 diebus
1001 3978 1106 4057 lestis,
1138 3976 1241 4044 oidoio
1272 3976 1375 4044 dirino

140 4086 289 4168 praestare
308 4086 422 4169 poterit
441 4084 555 4149 oentus
576 4081 786 4168 polyphonns,
812 4082 878 4161 rel,
901 4084 938 4149 ut
957 4082 1064 4161 aiunt,
1090 4081 1257 4167 figuratus,
1281 4081 1375 4148 dnm·

140 4189 222 4255 modo
243 4189 297 4273 qui
316 4190 388 4256 lrnic
407 4191 518 4256 cantus
539 4187 653 4273 speciei
675 4186 857 4271 indulgent,
884 4187 1040 4253 lloelesiae
1063 4186 1189 4254 monitis
1211 4188 1372 4271 obtempe-

140 4296 252 4374 mutes,
275 4294 465 4361 saecularem
489 4292 650 4360 levitatem
673 4311 693 4358 a
714 4290 907 4377 symphoniis
926 4292 1051 4359 omuino
1072 4294 1198 4359 uroeant
1219 4294 1271 4369 et,
1294 4309 1373 4376 qnae

140 4398 282 4464 melodiae
300 4396 331 4465 S.
354 4397 507 4464 Caeciliae
529 4396 651 4463 nomine
671 4396 891 4475 honestantur,
923 4397 978 4463 lues
1008 4396 1166 4483 greritate
1193 4396 1227 4461 et
1253 4394 1371 4480 pietate

139 4503 326 4586 speciosiores
348 4504 459 4570 ueteris
481 4520 601 4587 semper
621 4501 818 4583 anteponent.
853 4499 981 4579 (lautus,
1005 4502 1058 4587 qui
1080 4502 1145 4569 solo
1168 4499 1216 4567 rel
1238 4499 1298 4565 duo
1318 4518 1371 4567 ro-

142 4609 260 4688 eantur,
291 4607 425 4693 prolerre
444 4608 574 4674 feminae
595 4603 720 4671 omnino
742 4608 903 4687 rotantur,
935 4606 992 4672 riri
1014 4609 1119 4671 eutem
1144 4604 1191 4671 rix
1212 4603 1370 4683 sinentem
