3275 4917
425 248 568 320 specum
585 250 771 307 dioecesana
792 249 1027 321 Arpcnttnenats
1045 268 1073 307 α.
1092 251 1187 325 11194.Ι
1356 234 1418 299 431

180 418 341 506 eligendus
356 423 413 502 est,
437 422 501 502 sed,
524 426 624 507 quoad
640 422 706 489 lieri
723 424 834 507 potest,
858 440 895 487 ea
910 421 1123 507 respiciantur,
1146 443 1224 509 quae
1241 424 1420 510 parochiani

180 529 326 612 exoptant
347 527 398 612 (G.
416 528 503 611 183).
531 529 725 613 Quamquam
748 544 808 593 non
832 527 974 594 convenit
997 528 1157 595 ecclesiam
1176 528 1242 597 loco
1258 530 1421 597 remotiore

180 631 228 697 uel
250 632 423 699 excentrico
444 634 539 699 sitam
563 651 646 712 esse,
669 632 793 716 expedit
815 634 940 711 tamen,
963 650 1031 698 eam
1055 634 1093 699 ab
1116 634 1264 701 aediliciis
1285 633 1421 721 profanis

179 736 226 803 ita
248 736 381 816 distare,
413 740 448 803 ut
476 737 690 803 sanctuarium
722 736 761 802 ad
792 736 941 803 orientem
975 736 1053 802 uerti
1084 740 1178 823 queat
1199 738 1301 824 sitque
1324 740 1421 806 oculis

181 841 389 927 adspectabile
419 835 589 925 (Dida-Bt
614 842 699 907 1894
721 840 751 907 S.
772 841 887 909 1141.
908 840 994 927 269).

285 945 477 1016 3901111111
500 945 698 1013 ecclesiarum
726 946 775 1011 vel
798 944 983 1011 fabricarum
1007 946 1274 1015 administratores
1297 968 1333 1016 ac
1350 968 1417 1015 ma-

179 1054 260 1120 xime
281 1054 430 1138 parochos
452 1070 632 1131 monemus,
663 1054 699 1116 11
727 1050 904 1135 integritati
937 1050 1046 1117 domus
1074 1052 1130 1117 Del
1157 1052 1422 1137 incolumitatique

179 1158 318 1225 studiose
340 1157 505 1241 invigilent
527 1175 563 1223 ac
583 1157 743 1239 promptae
764 1155 967 1240 reparationi,
992 1154 1019 1221 si
1041 1176 1103 1240 qua
1122 1159 1296 1225 necessaria
1318 1158 1422 1225 ridea-

179 1266 241 1343 tur,
262 1262 432 1330 cousulant.
463 1261 565 1328 Semel
586 1261 699 1327 saltem
721 1262 753 1325 iu
775 1279 855 1325 anno
876 1260 1027 1345 inspectio
1043 1260 1098 1328 bat
1113 1263 1275 1343 tectorum,
1297 1264 1422 1349 tegulae

180 1370 377 1454 reponantur,
400 1368 541 1451 aliaeque
563 1364 806 1431 instaurationes
825 1366 1013 1448 opportunae
1031 1364 1062 1431 in
1085 1365 1243 1446 trabibus,
1265 1366 1298 1433 iu
1321 1369 1422 1452 parie-

179 1477 273 1551 tibus,
297 1476 328 1539 in
351 1473 527 1557 pavimento
547 1471 649 1537 locum
672 1470 819 1549 babeant,
845 1488 882 1535 ne
904 1486 940 1535 01
962 1470 1083 1536 1111111
1102 1476 1264 1556 emergant
1279 1473 1422 1557 graviora

179 1582 292 1646 damus
314 1580 516 1661 sumptusque
539 1575 715 1642 excrescant
738 1572 790 1657 (G.
814 1575 867 1649 88,
892 1574 964 1651 101,
990 1574 1052 1641 179
1076 1574 1213 1662 1314).

282 1683 340 1753 40.
364 1683 400 1749 10
423 1681 562 1748 ecclesiis
583 1684 617 1745 et
637 1679 781 1745 oratoriis
803 1679 984 1763 reparandis
1008 1679 1178 1745 cavendum
1201 1682 1262 1759 est,
1288 1682 1419 1766 nequid

180 1790 327 1872 antiquae
346 1787 573 1852 architecturae
595 1784 789 1863 immutetur,
812 1802 888 1849 nere
904 1787 1018 1867 pereat,
1040 1782 1188 1868 quidquid
1205 1784 1244 1848 ad
1260 1783 1421 1852 historiam

181 1894 230 1958 vel
252 1893 291 1958 ad
311 1895 410 1957 artem
434 1890 584 1974 pertinet3
615 1887 669 1954 sed
699 1888 870 1955 curandum
894 1890 942 1954 est
963 1887 1081 1971 potius,
1114 1889 1150 1954 ut
1177 1880 1288 1973 genere
1311 1890 1423 1956 veteris

180 1999 355 2063 structurae
380 1995 541 2060 obseruate
570 2012 646 2077 opus
674 1992 762 2076 juxta
792 1990 1028 2058 delineationem
1052 2010 1072 2057 a
1093 1991 1190 2057 Nobis
1220 1994 1420 2077 approbatam

182 2102 291 2185 peritis
312 2099 454 2166 manibus
477 2097 663 2181 perficiatur.
712 2098 825 2163 Verum
855 2097 907 2162 ubi
932 2096 1095 2162 ecclesiam
1125 2096 1269 2181 ampliari
1291 2101 1421 2183 oportet,

181 2208 254 2272 ante
275 2204 377 2270 omnia
400 2202 487 2269 salva
511 2202 708 2286 antiquitatis
730 2202 920 2282 reverentia,
951 2220 987 2267 aa
1010 2200 1201 2267 attendenda
1222 2206 1313 2283 sunt,
1345 2223 1422 2288 quae

182 2328 257 2377 cura
277 2310 451 2375 animarum
475 2307 615 2392 requirit.
1246 2376 1248 2380 .

284 2413 382 2492 Sunt,
413 2414 466 2497 qui
488 2414 611 2478 statuas
631 2413 665 2477 01
687 2412 811 2478 1011110
834 2411 933 2495 pictas
955 2430 991 2476 01
1013 2410 1152 2479 ecclesiis
1171 2414 1350 2480 removeant
1373 2415 1420 2480 vel

180 2539 287 2586 earum
308 2519 410 2584 locum
432 2517 608 2601 suppleant,
626 2534 753 2581 causam
775 2516 1011 2595 intersereutcs,
1032 2534 1068 2593 se
1092 2536 1198 2598 nouus,
1222 2520 1255 2583 et
1274 2518 1330 2585 bas
1354 2518 1423 2603 qui·

180 2625 251 2689 dem
273 2622 453 2700 nobiliores,
480 2640 547 2686 esse
565 2620 762 2686 substitutos.
807 2619 895 2702 Quod
920 2620 985 2685 lieri
1010 2622 1167 2697 10111111,
1200 2621 1259 2687 1101
1282 2641 1301 2687 1
1324 2622 1422 2687 Nobis

180 2726 255 2793 data
286 2727 329 2790 sit
362 2724 510 2801 licentia,
545 2742 623 2807 quae
657 2742 693 2789 01
725 2724 851 2807 praevia
884 2742 986 2789 rerum
1010 2724 1205 2809 locorumque
1233 2724 1422 2809 inspectione

183 2829 329 2914 pendebit
349 2829 400 2911 (G.
423 2829 477 2909 91),
501 2828 601 2898 111.
624 2826 640 2893 Ι
667 2828 750 2911 199).

284 2933 339 3003 41.
370 2933 508 2999 Parietes
538 2933 700 3000 interiores
722 2932 921 2999 ecclesiarum
946 2950 1067 3016 semper
1088 2932 1152 2999 sint
1173 2932 1257 2999 omni
1279 2934 1422 3018 squalore

180 3040 298 3106 mundi.
343 3037 560 3106 Panimeutum
582 3037 678 3105 semel
697 3038 754 3103 aut
777 3036 826 3103 bis
847 3037 880 3102 in
901 3034 1091 3103 hebdomade
1118 3037 1218 3121 scopis
1246 3040 1422 3117 enarratum

180 3146 257 3211 item
277 3144 401 3221 altaria,
424 3143 585 3227 imagines,
608 3142 768 3220 cathedra,
792 3140 881 3209 sedes
903 3140 1149 3221 confessionales,
1171 3140 1292 3221 sedilia,
1320 3143 1423 3209 omnia

181 3250 312 3334 deniqne
333 3266 453 3331 semper
480 3246 578 3313 nitida
607 3249 776 3312 seruentur.
837 3244 974 3311 Parietes
1008 3244 1172 3312 exteriores
1204 3266 1242 3313 ue
1264 3246 1424 3313 foedentur

182 3371 257 3419 uene
268 3352 438 3431 arboribus,
455 3351 629 3427 lruticibus,
645 3350 778 3429 bederis,
795 3336 908 3435 quibus
924 3349 1005 3415 muri
1020 3350 1195 3429 laedantur,
1211 3351 1276 3416 sint
1286 3351 1423 3419 obducti.

284 3456 484 3527 41011111
507 3454 655 3523 ecclesias
678 3455 800 3521 111101
823 3454 953 3521 materia
977 3454 1067 3520 tirma
1083 3455 1241 3521 coniectae
1256 3455 1423 3541 solidisque

180 3563 326 3630 claustris
340 3563 499 3641 munitae;
519 3560 622 3627 claves
639 3559 773 3626 lideliter
787 3558 1014 3627 custodiantur.
1038 3558 1117 3625 Item
1133 3560 1304 3626 condantur
1319 3561 1422 3627 claues

180 3668 287 3745 turris,
306 3668 339 3732 in
361 3686 423 3752 qua
444 3684 612 3751 campanae
634 3682 802 3749 suspensae
822 3667 903 3730 sunt.
938 3664 985 3729 nd
1008 3665 1142 3731 rectores
1158 3665 1358 3733 ecclesiarum
1370 3666 1422 3750 jus

181 3789 398 3855 campanarum
421 3772 573 3855 pertinet3
599 3770 704 3855 itaque
733 3788 892 3853 nunquam
915 3769 1039 3848 sinent,
1070 3788 1122 3836 eos
1149 3769 1189 3834 ad
1208 3770 1272 3837 alia
1293 3771 1422 3854 pulsari,

181 3874 659 3965 mwwmffim

284 3977 342 4047 43.
371 3978 470 4045 Juxta
497 3979 644 4046 canonica
673 3978 858 4063 praescripta
890 3978 991 4044 omnis
1021 3977 1150 4044 ecclesia
1172 3978 1358 4062 parochialis
1381 3980 1421 4045 ab

181 4084 321 4167 episcopo
346 4083 518 4150 consecrari
539 4083 639 4151 debet.
679 4082 751 4148 ldec
774 4083 817 4148 sit
840 4084 871 4148 in
895 4100 1079 4167 unaquaque
1103 4082 1203 4149 altare
1226 4083 1329 4164 lirum,
1350 4086 1423 4169 quia

115 4218 120 4228 ·
182 4189 239 4254 boc
268 4187 428 4254 deficiente
457 4188 645 4253 consecratio
673 4186 740 4253 lieri
772 4184 858 4253 netas
889 4191 946 4253 est.
993 4188 1102 4253 Altare
1126 4187 1219 4253 lirum
1242 4190 1423 4255 constater

181 4312 287 4359 mensa
309 4310 481 4359 marmorea
503 4294 558 4358 aut
579 4292 690 4359 saltem
713 4291 854 4377 lapidea,
878 4310 974 4377 eaque
997 4290 1097 4359 solida
1117 4293 1150 4359 et
1173 4290 1324 4375 intractu,
1348 4311 1422 4358 con-

181 4398 332 4463 venientis
353 4396 523 4481 superficiei
547 4400 580 4462 et
602 4396 834 4475 crassitudinis,
864 4398 895 4461 in
918 4416 1038 4463 summo
1061 4396 1230 4482 perpolita,
1258 4397 1290 4461 in
1309 4396 1423 4463 'medio

181 4502 271 4567 etad
294 4506 427 4585 quatuor
448 4503 579 4587 angulos
603 4502 765 4586 insculptis
787 4503 930 4568 crucibus
954 4503 1093 4585 signataa
1125 4505 1157 4568 et
1190 4520 1226 4567 01
1247 4500 1354 4585 stipite
1376 4503 1424 4567 la·

180 4605 284 4689 pideo,
312 4610 364 4690 qui
388 4626 458 4673 curn
482 4626 588 4672 mensa
610 4610 769 4673 caemento
791 4606 1005 4692 corrjungatur.
1050 4607 1230 4691 Requiritur
1253 4605 1347 4671 etiam
1369 4624 1417 4672 se·
