3275 4917
203 254 401 313 commentar
413 274 453 313 an
470 254 501 311 P.
515 256 539 312 1.
551 258 603 313 deo
619 252 706 312 Decr.
719 256 776 311 mit
791 256 848 311 der
863 252 952 311 Vorr.
967 256 1161 326 nnroanrnre
1172 263 1201 312 et
1213 260 1303 327 temp.
1366 236 1408 305 79

272 430 352 497 Diat.
378 430 427 495 16.
451 428 546 513 princ.
574 428 611 494 ad
633 428 707 493 dict.
731 426 820 495 Grat.
843 447 871 495 a.
894 448 922 494 c.
948 429 975 496 l.

272 586 278 601 .
303 584 311 601 .
335 581 343 597 .
366 586 374 602 .
399 533 608 618 hpocriphum
632 552 731 617 grece,
756 535 908 598 secretum
932 533 980 599 vel
1004 532 1159 599 occultum
1184 533 1289 601 latine.
1329 535 1408 600 Hinc

164 640 244 705 liber
265 638 449 723 apocriphus
468 638 601 702 dicitur:
626 656 686 702 non
709 637 929 720 repudiandus,
950 643 985 704 nt
1006 638 1331 721 quinamentorum,
1355 640 1409 705 sed

165 746 284 810 secreto
307 742 473 827 legendus,
506 760 565 807 non
596 742 627 807 in
661 742 801 827 puhlico;
834 742 882 807 rel
912 743 999 807 cuius
1031 744 1138 807 auctor
1168 744 1345 826 ignoratur,
1376 750 1411 810 at

164 848 303 925 11551155,
335 848 390 929 oni
406 847 514 928 primo
536 846 670 913 ruditas
692 847 839 929 tenendus
856 848 1059 929 proponitur,
1083 849 1118 911 ut
1141 845 1228 913 Cato.
1275 848 1320 914 De
1342 851 1409 913 eius

165 952 247 1017 enim
272 954 396 1016 auctore
415 950 586 1035 ignoratur,
617 952 760 1034 quamvis
783 970 859 1033 peno
880 952 919 1015 ah
942 951 1085 1016 omnihus
1108 950 1234 1017 Catonis
1255 970 1322 1017 esse
1343 953 1409 1017 exi-

164 1056 328 1133 stimatum
358 1055 411 1120 sed
441 1072 496 1120 nou
526 1054 632 1137 magni
664 1052 791 1119 Catonis
822 1074 877 1120 nec
907 1054 1059 1121 Uticensis
1086 1074 1153 1121 esse
1183 1056 1332 1139 probatur
1345 1058 1410 1141 ²¹⁶).

164 1158 253 1225 Sicut
275 1161 370 1225 etiam
396 1158 472 1224 liber
494 1157 556 1225 Joh
578 1158 694 1224 dicitur
717 1158 910 1242 apocriphus,
932 1159 1005 1243 quia
1028 1159 1066 1225 de
1087 1160 1154 1225 eius
1174 1163 1300 1226 auctore
1319 1161 1411 1245 igno·

164 1266 254 1331 ratur
277 1312 446 1331 ......

269 1367 356 1435 Idem
388 1366 496 1449 (nami.
519 1367 598 1433 liber
620 1368 692 1433 ille:
724 1367 862 1433 Oenones
897 1367 1121 1454 apostoloram)
1156 1372 1282 1435 vocatur
1314 1370 1410 1435 etiam

168 1474 252 1540 Petri
275 1471 407 1557 apostoli
431 1472 642 1551 itinerarium,
665 1471 800 1555 eoquod
828 1472 956 1550 Petrus,
979 1475 1015 1537 ut
1035 1472 1160 1556 quidam
1184 1474 1308 1551 dicant,
1338 1494 1410 1540 eum

167 1579 245 1644 ferre
268 1578 416 1659 soie[ha]t
437 1577 469 1642 in
491 1577 619 1655 itinere,
651 1577 724 1661 quia
747 1576 825 1642 forte
849 1576 1009 1641 manicatis
1034 1576 1102 1644 fuit.
1148 1577 1205 1642 Vei
1227 1578 1298 1661 quia
1321 1578 1353 1645 in
1375 1596 1410 1644 eo

167 1683 285 1766 scripta
306 1685 397 1747 erant
427 1681 576 1747 miracula
605 1682 637 1747 ut
666 1699 847 1765 quocunque
875 1682 942 1764 egit
973 1681 1087 1746 Petrus
1118 1681 1148 1745 in
1179 1681 1306 1758 itinere,
1337 1681 1411 1746 dum

164 1786 314 1853 transiret
337 1787 375 1851 ab
399 1785 584 1851 Jerosoiima
605 1786 804 1851 Antiochiam
829 1787 861 1851 et
881 1784 953 1849 inde
977 1785 1105 1850 Romam
1120 1788 1185 1867 ¹¹⁶).
1232 1786 1289 1851 Vel
1310 1786 1412 1869 potuit

165 1912 232 1957 esse
257 1927 295 1939 -
321 1894 352 1955 et
376 1890 542 1957 verisimile
563 1891 611 1955 est
630 1890 675 1955 ita
698 1889 792 1954 fuisse
820 1926 855 1936 -
882 1889 996 1954 librum
1020 1890 1108 1953 ilium
1140 1888 1322 1955 distinctum
1346 1908 1411 1955 esse

165 1998 199 2059 in
221 1995 298 2061 duas
322 1998 442 2078 partes,
472 2012 601 2077 quarum
628 2013 690 2058 una
712 1995 874 2059 vocaretur
895 2011 1026 2058 canones
1057 1995 1282 2078 apostolorum,
1313 1994 1413 2060 altera

167 2099 254 2165 Petri
278 2101 376 2182 apost.
400 2098 593 2163 itinerarium
617 2147 626 2163 .
648 2148 654 2163 .
676 2146 715 2165 ..

270 2202 349 2267 Ecce
372 2204 489 2286 quanta
515 2200 698 2279 diversitas,
729 2202 824 2267 immo
857 2201 1030 2269 adversitas
1044 2205 1099 2287 ¹²²)
1133 2202 1253 2269 videtur
1282 2223 1349 2269 esse
1378 2204 1411 2269 in

165 2308 226 2373 hac
258 2305 467 2373 distinctione.
525 2304 671 2388 Inprimis
685 2308 741 2389 ¹²⁸)
775 2306 874 2389 igitur
907 2306 1040 2372 dicimus
1070 2308 1213 2391 quoniam
1248 2308 1296 2387 id,
1330 2306 1412 2392 quod

167 2410 335 2477 Gmtionus
359 2410 446 2490 dicit,
468 2412 500 2475 et
523 2410 566 2489 id,
589 2409 669 2493 quod
700 2410 733 2475 in
763 2410 887 2475 rubrica
906 2411 970 2475 sire
992 2430 1011 2476 a
1031 2410 1179 2477 Gratiano
1202 2413 1268 2477 sire
1290 2432 1309 2476 a
1332 2413 1413 2477 Pan·

167 2515 294 2599 5555155
317 2514 458 2598 apposita
480 2513 654 2580 continetur
678 2550 710 2563 ·-
737 2515 888 2597 quasdam
908 2515 988 2580 enim
1016 2515 1057 2582 M.
1079 2516 1135 2593 G..
1157 2516 1305 2598 quasdam
1330 2517 1411 2582 Pau·

166 2619 295 2703 capalea
325 2618 535 2703 apponitur)
562 2655 604 2665 -
635 2618 827 2684 autenticum
859 2638 918 2683 non
947 2621 1005 2686 ost.
1056 2619 1122 2684 Hoc
1143 2622 1248 2685 tamen
1271 2621 1351 2703 qnod
1376 2622 1406 2684 in

165 2724 289 2789 rubrica
311 2723 424 2789 dicitur
446 2741 578 2788 canones
598 2742 662 2788 esso
685 2721 787 2807 (Cod.:
810 2724 894 2806 snos)
918 2722 1096 2802 reiciendus,
1118 2723 1285 2789 secundum
1302 2745 1408 2808 quem-

165 2829 239 2893 dam
263 2828 388 2893 modum
411 2826 554 2911 loquendi
576 2845 632 2891 uon
655 2826 786 2891 multum
810 2826 908 2891 distat
931 2827 970 2893 ab
993 2845 1046 2905 eo,
1078 2826 1157 2909 quod
1188 2826 1357 2893 Gratianus
1379 2821 1413 2893 et

167 2934 304 2998 isidorus
327 2932 443 3009 dicunt,
469 2950 528 2995 nou
551 2949 616 2997 esse
637 2930 837 3014 recipiendos,
861 2931 913 2997 sed
930 2929 1145 3008 removendos3
1169 2930 1213 2996 ita
1228 2931 1309 2997 enim
1326 2932 1409 2998 soliti

164 3057 273 3105 sumus
293 3037 410 3102 dicere:
444 3038 477 3101 tu
499 3035 600 3100 minus
624 3035 789 3119 prudenter
810 3035 962 3119 loqueris,
993 3038 1025 3101 id
1052 3038 1099 3101 est
1121 3036 1218 3101 stulte
1241 3084 1411 3104 ......

166 3190 402 3208 ........
435 3140 478 3206 Ut
499 3142 603 3205 autem
626 3142 707 3205 sture
739 3140 835 3224 possit
865 3141 946 3224 quod
977 3141 1167 3225 zepherinus
1197 3140 1274 3206 dicit
1302 3142 1411 3206 horum

165 3265 316 3312 canonum
341 3244 396 3311 hX
419 3244 589 3311 sententias
612 3264 679 3311 esse
702 3244 904 3327 recipiendas,
927 3264 998 3311 cum
1022 3247 1081 3311 heo
1105 3264 1184 3331 papa
1201 3246 1286 3312 dieat
1304 3247 1412 3311 horum

163 3351 292 3417 tantum
315 3348 518 3432 hospitale,
550 3352 582 3414 et
610 3350 697 3413 serta
720 3349 856 3435 synodus
879 3348 1023 3415 LXXXV
1045 3351 1182 3434 capitula
1204 3352 1326 3416 statuat
1348 3370 1413 3415 esse

163 3454 327 3533 servanda,
350 3452 508 3520 sciendum
532 3456 596 3520 est:
628 3453 672 3518 Et
693 3454 728 3519 in
748 3454 918 3537 scripturis
938 3457 1056 3523 utimar
1076 3455 1144 3522 coln
1158 3457 1245 3540 ¹²⁹⁸),
1273 3475 1362 3521 coma
1385 3462 1412 3519 51

164 3663 310 3720 mittheilt.
347 3664 397 3719 Boi
419 3662 530 3719 Schulto
559 3663 588 3718 Ζ.
611 3664 627 3719 6
653 3663 702 3719 lios
730 3666 765 3719 st.
793 3663 883 3719 omnia
902 3663 948 3719 hio
970 3667 1143 3719 enumerate:
1170 3663 1260 3720 omnia
1276 3664 1326 3719 illa
1345 3663 1372 3719 h.
1391 3681 1415 3719 c.

163 3752 232 3807 Zum
253 3750 362 3806 Inhaito
384 3750 472 3807 dieser
495 3750 599 3806 Stellen
621 3750 774 3821 rergleiche
799 3752 844 3807 dia
866 3750 938 3808 Note
955 3752 990 3807 73
1007 3752 1178 3823 Friedberg’s
1202 3752 1237 3808 ad
1254 3752 1282 3807 h.
1302 3752 1319 3805 1.
1343 3751 1415 3806 Edit.

165 3840 247 3893 Decr.
265 3836 375 3902 55155,
394 3836 438 3894 36.

270 3922 334 3991 225)
352 3923 445 3996 Vergh
464 3925 533 3981 oben
552 3924 578 3981 8.
597 3924 639 3985 62,
658 3922 714 3979 Nte
734 3926 795 3980 163.

270 4010 332 4082 226)
351 4010 444 4082 Vergi.
466 4011 545 4066 hieru
564 4010 608 4065 die
624 4010 779 4082 Erhltrung
798 4010 913 4067 Rufln's.

268 4100 331 4169 227)
350 4098 442 4169 Vorgl.
461 4098 529 4153 oben
548 4097 633 4153 Beitr.
652 4098 673 4152 1.
692 4096 742 4152 Bd.
760 4098 802 4153 69.
822 4099 848 4153 8.
867 4098 999 4165 3821115
1017 4102 1064 4157 28.

268 4185 332 4254 228)
353 4185 403 4240 Dia
422 4183 548 4255 folgende
567 4183 653 4241 Stelie
672 4183 810 4253 (Inprimis
828 4225 835 4240 .
856 4227 863 4240 .
881 4228 888 4241 .
906 4188 1092 4253 removendos)
1110 4188 1160 4241 hat
1177 4186 1278 4242 hereits
1297 4186 1411 4241 Schulte

161 4273 274 4343 (Geooh.
294 4272 320 4329 d.
339 4271 426 4340 Quoll.
438 4289 462 4326 u.
476 4272 542 4327 hitt.
556 4272 577 4338 Ι,
595 4273 640 4339 55)
658 4271 873 4341 rertffeutlicht;
898 4276 925 4329 iu
942 4276 1043 4329 seirrom
1062 4276 1145 4330 Terte
1165 4274 1234 4329 fehlt
1249 4272 1346 4341 judoch
1367 4271 1410 4326 ein

164 4359 376 4416 Zwischeurata.

271 4446 334 4515 229)
353 4446 501 4518 ‚quaedam
520 4488 527 4503 .
547 4488 554 4503 .
573 4488 580 4503 .
597 4444 740 4516 apposnit«
761 4444 833 4501 fehlt
850 4446 893 4501 bei
912 4448 1024 4504 Schulte
1040 4467 1065 4505 u.
1085 4467 1109 4505 a.
1128 4450 1159 4505 0.

271 4532 349 4604 229⁸)
368 4532 434 4591 0515
452 4557 485 4583 =
504 4532 580 4590 colon
599 4533 703 4587 hommt
721 4531 789 4586 anch
809 4538 886 4589 sonat
903 4552 957 4600 ror,
978 4536 1103 4592 nihrend
1122 4536 1171 4591 das
1189 4534 1316 4605 foigauda
1338 4530 1416 4587 Wort

163 4620 243 4677 nicht
261 4620 363 4690 richtig
383 4620 485 4678 flectirt
503 4621 549 4676 ist.
