3275 4917
394 264 537 335 Spnodus
555 265 739 321 dioecesum
757 262 995 333 Arpcnltrecasts
1013 277 1041 315 n.
1060 258 1147 317 1894.
1330 238 1395 305 443

254 436 330 506 100.
364 434 452 518 Quod
481 436 507 503 si
533 437 681 522 grauibus
714 435 752 502 de
781 434 884 501 causis
911 434 1104 517 serratisque
1126 430 1240 499 debitis
1264 431 1395 499 cautelis

150 540 317 627 aliquando
348 560 366 606 a
395 541 463 626 lege
494 541 693 608 matrimonia
722 540 819 607 mixta
849 539 1028 623 probibente
1061 536 1273 621 dispensatur,
1309 556 1395 603 mens

151 647 256 710 tamen
280 647 327 709 est
349 643 379 711 S.
404 642 508 723 Sedis,
541 646 576 709 ut
596 644 629 709 in
651 643 763 710 animis
786 642 1011 709 catholicorum
1032 659 1188 725 nunqnam
1212 641 1395 707 obliteratur

151 749 300 815 memoria
322 768 485 827 canonum,
509 748 561 832 qui
585 749 660 814 baec
682 748 878 814 detestantur
899 745 1061 824 connubia,
1089 746 1183 830 atque
1206 746 1394 812 constantis·

151 851 223 919 simi
245 852 330 918 illius
353 854 466 931 studii,
490 873 550 939 quo
573 853 604 923 S.
628 854 731 921 Mater
750 852 888 919 Ecclesia
913 852 993 917 lilios
1017 852 1155 917 aremare
1177 851 1334 918 consuerit
1356 851 1395 917 ab

150 958 261 1024 iisdem
287 958 402 1042 nuptiis
432 959 463 1023 in
494 978 598 1025 eorum
630 959 813 1042 futuraeque
843 957 939 1043 prolis
970 955 1133 1039 perniciem
1166 954 1395 1022 contrahendis.

151 1061 250 1143 Quam
272 1062 311 1127 ob
333 1081 459 1128 causam
484 1064 613 1129 ulterius
637 1064 835 1146 praescribit,
864 1064 899 1126 ut
922 1062 997 1125 baec
1024 1060 1121 1125 mixta
1143 1059 1287 1144 conjugia
1308 1062 1396 1125 extra

152 1165 315 1232 ecclesiam
335 1169 367 1231 et
387 1168 502 1251 absque
523 1168 647 1251 parochi
664 1167 876 1233 benedictione
892 1165 1016 1249 ulloque
1033 1162 1095 1230 alio
1110 1163 1317 1230 ecclesiastico
1333 1164 1394 1229 ritu

152 1270 353 1337 celebrentur.
377 1271 484 1355 (lustr.
501 1270 530 1338 S.
548 1272 580 1337 Ο.
599 1273 636 1337 de
653 1273 703 1340 Pr.
721 1272 755 1337 F.
773 1271 812 1337 ad
831 1270 922 1336 drcb.
942 1270 1014 1352 llog.
1035 1267 1136 1344 1858,
1152 1304 1194 1315 -
1211 1266 1291 1335 (lire.
1304 1266 1396 1351 Etsi.)

258 1375 432 1460 Aliquando
458 1378 564 1442 tamen
596 1376 773 1461 apostolica
804 1374 898 1441 Sedes
929 1374 1027 1438 mixta
1056 1370 1257 1438 matrimonia
1286 1370 1319 1435 in
1342 1388 1394 1435 ec·

151 1478 248 1545 alesia
276 1498 347 1545 cnm
378 1482 578 1547 caeremoniis
609 1500 662 1564 pro
697 1480 903 1547 celebratione
935 1475 1125 1543 matrimonii
1155 1474 1188 1540 in
1217 1474 1396 1541 dioecesano

155 1581 274 1647 Rituali
289 1584 486 1667 praescriptis
501 1586 548 1650 ita
564 1585 713 1651 celebrari
729 1585 814 1666 sinit,
838 1587 889 1649 ut:
913 1585 945 1666 a)
967 1582 1134 1646 celebratio
1150 1580 1262 1645 missae
1278 1596 1397 1662 sempor

153 1685 278 1752 exclusa
297 1692 473 1764 remaneatr
496 1691 531 1770 b)
553 1710 607 1772 per
630 1689 754 1755 modum
777 1688 963 1772 exceptionis
986 1689 1110 1752 tantum
1133 1684 1164 1750 id
1186 1682 1396 1767 indulgeatur,

153 1788 187 1853 in
209 1790 348 1868 casibus,
372 1792 538 1875 inquibus
560 1793 740 1859 assistentia
763 1812 846 1858 mere
869 1791 992 1877 passiva
1014 1790 1129 1855 servari
1152 1788 1302 1873 nequeat,
1322 1786 1397 1871 quin

155 1897 297 1977 grauiora
319 1895 427 1961 exinde
449 1898 589 1964 oriantur
607 1898 721 1964 damna
736 1917 772 1963 ac
788 1897 880 1963 mala.
908 1896 1020 1962 Verum
1038 1894 1214 1979 hujusmodi
1229 1890 1397 1959 tolerantia

154 1999 281 2065 minime
315 2018 370 2065 suo
404 2001 552 2087 cujusquo
585 2003 711 2086 parocbi
743 2002 873 2067 arbitrio
907 2000 1106 2083 relinquitur,
1141 1997 1194 2063 sed
1224 1997 1399 2067 reservatur
1491 2000 1494 2007 '

156 2103 324 2188 Episcopis,
348 2108 475 2171 onerato
495 2126 601 2174 eorum
624 2108 812 2173 conscientia
835 2126 926 2190 super
941 2106 1076 2171 omniurn
1093 2100 1397 2169 circumstantiarum

155 2208 286 2274 ueritate
316 2214 348 2276 ct
378 2212 553 2295 gravitate3
586 2232 680 2296 qnam
711 2211 938 2296 indulgentiam
971 2229 1024 2276 seu
1061 2209 1162 2294 potins
1198 2204 1397 2273 tolerantiam

155 2312 373 2397 Episcoporum
413 2316 542 2382 arbitrio
579 2320 611 2381 et
649 2316 854 2383 conscientiae
888 2316 1011 2391 omnino
1042 2314 1236 2401 commissam
1273 2309 1396 2395 maJ'ore,

154 2436 214 2501 quo
236 2418 303 2485 lieri
330 2423 451 2503 potest,
481 2422 605 2489 silentio
635 2424 811 2489 cosecratu
834 2423 966 2488 servent.
1014 2420 1108 2503 (Girc.
1134 2418 1219 2494 distr
1240 2452 1284 2464 -
1302 2415 1397 2481 Instr.

155 2522 246 2604 Prop.
272 2523 308 2588 ll
333 2526 436 2590 martii
462 2526 562 2603 18683
584 2525 615 2593 S.
640 2526 675 2592 0.
699 2527 720 2591 3
740 2525 804 2609 jan.
831 2524 940 2612 1871.)

259 2626 438 2695 Toleramns
460 2629 558 2713 igitur
579 2648 695 2695 moram
718 2628 919 2694 benedicendi
946 2627 1043 2692 mixta
1075 2626 1273 2691 matrimonia
1293 2624 1325 2689 in
1347 2642 1395 2689 ec·

156 2727 267 2806 alesia,
291 2729 344 2794 sed
368 2731 484 2814 absquo
507 2732 618 2797 missae
641 2731 865 2811 celebratione,
888 2731 920 2796 in
943 2731 981 2795 iis
1003 2732 1124 2795 tentum
1148 2727 1322 2813 parochiis,
1345 2727 1397 2791 ubi

156 2850 262 2897 revera
283 2832 425 2902 invaluit.
449 2832 494 2919 (S.
518 2835 554 2902 0.
577 2835 681 2920 ajon.
707 2834 817 2918 1871.)

258 2936 303 3002 Iis
326 2955 395 3003 nero
418 2938 451 3003 in
473 2939 636 3022 parochiis,
659 2939 825 3024 inquibus
848 2957 915 3004 mos
938 2937 1115 3023 hujusmodi
1140 2956 1197 3002 non
1216 2936 1310 3021 rigat,
1334 2953 1397 2999 ser·

157 3041 267 3105 nentur
293 3041 483 3107 adamussim
513 3042 704 3110 conditiones
723 3043 762 3109 de
786 3043 891 3108 mixtis
916 3042 1139 3118 matrimoniis,
1163 3041 1194 3106 id
1219 3042 1283 3119 est,
1312 3042 1398 3105 extra

155 3144 319 3210 ecclesiam
330 3147 363 3211 et
374 3146 490 3229 absque
500 3147 708 3214 ecclesiastico
717 3146 993 3213 ritucelebrentnr.
1007 3142 1057 3229 (a.
1068 3145 1109 3211 ld.
1121 3145 1137 3211 Ι
1147 3146 1218 3223 101,
1228 3144 1302 3223 270,
1311 3142 1398 3230 397.)

259 3248 348 3330 Quod
363 3250 390 3317 si
400 3251 572 3317 occurrerit
587 3269 677 3318 casus
692 3251 814 3330 dubius,
831 3250 870 3315 ad
885 3249 1083 3318 Ordinarinm
1096 3248 1314 3315 recurrendum
1327 3248 1397 3313 erit.

143 3354 148 3364 '
259 3352 620 3423 lausannensem
643 3356 750 3421 debita
772 3356 999 3440 dispensatione
1024 3353 1128 3419 mixtis
1152 3354 1321 3431 connubiis,
1341 3371 1396 3436 pa·

156 3459 266 3523 rocbus
289 3460 469 3541 praesertim
492 3460 524 3525 in
544 3480 631 3527 sacro
654 3460 804 3527 tribunali
828 3459 934 3527 sedulo
957 3462 1061 3537 curet,
1093 3478 1130 3523 ne
1153 3477 1222 3541 pars
1245 3456 1399 3524 catholica

155 3560 186 3625 in
209 3561 500 3629 indifferentismum
530 3565 725 3648 prolabatnr;
759 3565 882 3647 insuper
911 3562 994 3629 omni
1024 3561 1177 3628 industria
1207 3582 1243 3626 ac
1273 3562 1399 3627 solertia

155 3664 308 3748 invigilet,
330 3670 367 3734 ut
389 3670 557 3753 praestitae
579 3670 738 3736 cautiones
759 3668 903 3753 religiose
924 3670 1095 3734 serventur.
1143 3666 1305 3733 Moneatnr
1328 3684 1399 3749 pars

155 3769 326 3849 catholica,
349 3774 384 3838 ut
405 3791 501 3854 onus,
531 3775 611 3856 quod
632 3775 692 3840 sibi
715 3773 866 3856 sumpsit,
898 3771 1051 3837 curandae
1074 3770 1279 3838 conuersionis
1302 3769 1399 3852 partis

157 3872 347 3940 acatholicae
377 3877 409 3940 et
437 3878 532 3961 prolis
567 3880 726 3945 universae
758 3876 912 3945 catholice
940 3876 1117 3941 educandae
1147 3875 1272 3961 maximi
1304 3874 1401 3939 iaciat

157 3976 314 4061 sciatque,
349 3979 406 4045 nisi
437 3980 516 4046 illud
544 3982 650 4049 sedulo
679 3982 828 4066 impleat,
861 3980 996 4047 maximo
1024 3998 1057 4047 se
1084 3980 1207 4063 piaculo
1236 3978 1399 4063 obstringi·

157 4080 243 4162 Quod
267 4082 305 4161 si,
331 4085 365 4148 ut
388 4084 551 4168 aliquoties
573 4086 686 4165 euenit,
710 4086 764 4169 qui
791 4084 966 4170 hujusmodi
994 4084 1119 4169 nuptias
1135 4083 1279 4161 inierunt,
1300 4081 1399 4167 domi-

157 4184 263 4251 cilium
285 4187 347 4252 alio
367 4188 566 4268 transierant,
594 4190 744 4274 parochus
770 4194 921 4273 pastorem
939 4189 1026 4254 illius
1042 4188 1100 4254 loci
1117 4188 1277 4253 certiorem
1294 4188 1398 4265 iaciat,

156 4291 193 4355 ut
215 4292 247 4355 at
269 4290 334 4373 ipse
355 4291 479 4358 easdem
502 4312 591 4359 curas
612 4296 643 4359 in
663 4314 696 4360 se
716 4295 876 4378 suscipiat.
907 4291 951 4377 (8.
975 4293 1026 4369 Ο.)
1164 4288 1165 4291 ’

260 4394 337 4465 102.
360 4396 393 4463 Si
415 4398 536 4481 quando
556 4400 741 4465 connubium
765 4400 832 4463 sina
856 4397 989 4463 cautelis
1010 4396 1190 4463 necessariis
1211 4396 1324 4461 initum
1347 4395 1398 4475 sit,

157 4499 203 4564 nel
227 4499 254 4564 si
277 4504 346 4583 post
365 4501 455 4567 datas
477 4504 635 4569 cantiones
656 4504 878 4588 obtentamqne
900 4502 1162 4585 dispensationem
1186 4500 1244 4565 bae
1259 4502 1399 4565 servatae

157 4622 216 4667 non
241 4604 322 4684 sint,
346 4624 384 4671 ne
407 4608 568 4690 propterea
589 4610 708 4691 partem
733 4606 918 4673 catholicam
941 4605 1103 4691 negligant
1126 4604 1269 4689 parochi;
1292 4603 1400 4669 sedin

1208 4758 1221 4825 J
