3275 4917
383 228 524 297 synodos
542 228 726 283 dioecesano
746 225 981 297 Arpenllnensr's
1000 239 1028 279 n.
1048 222 1133 279 1894.
1317 205 1381 271 427

123 404 220 471 tutis
243 403 276 469 et
297 399 408 468 salotis
432 401 578 467 semitom
597 398 794 481 revocandos,
818 398 980 465 bortnmur
1002 396 1176 464 sacerdotes
1196 416 1300 464 curam
1317 396 1382 463 uui·

123 528 261 574 marum
287 507 451 585 babentes,
482 507 518 573 nt
547 506 613 572 suis
634 504 744 572 oribus
760 502 943 589 spiritualia
966 502 1112 567 exercitia
1133 502 1164 567 in
1189 503 1286 567 forma
1309 502 1382 567 mis·

125 613 235 679 sionis
256 611 413 679 interdum
436 612 608 695 procurent.

246 716 409 795 Volumus,
440 718 476 783 nt
506 716 657 801 ejusmodi
684 715 843 781 missiones
866 711 998 798 singulis
1021 711 1132 779 saltem
1157 711 1312 779 decenniis
1335 711 1382 778 in·

127 823 321 889 stitoantnr.
368 822 400 887 Si
425 840 494 888 roro
516 820 659 902 accidat,
682 858 721 868 -
746 818 827 903 quod
851 818 934 884 absit
956 854 999 865 -
1021 819 1057 883 nt
1080 816 1152 883 boio
1184 816 1331 883 mandato
1350 817 1381 881 in

23 964 24 1002 3
127 928 244 1012 aliqua
274 926 420 1011 parocbia
448 946 508 993 non
535 926 781 1010 obtemperetur,
811 922 937 1007 parochi
959 921 1137 988 contonantes
1157 920 1255 987 Nobis
1278 921 1309 987 id
1333 942 1380 988 rs-

128 1032 285 1096 nuntiare
308 1051 368 1097 non
387 1031 542 1097 omittant.

242 1133 290 1204 17.
318 1135 360 1201 Ut
381 1134 498 1214 fidelos,
523 1133 597 1200 dnm
620 1133 781 1199 missiones
801 1132 849 1198 rel
872 1131 1017 1197 exercitia
1039 1131 1381 1216 spirituaiiaporagun-

23 1293 24 1302 ,
129 1241 200 1317 tur,
224 1244 351 1324 peecata
372 1239 500 1304 liberius
523 1239 745 1315 confiteantur,
766 1236 911 1321 parocbi,
938 1234 1044 1301 ricerii
1067 1235 1181 1319 aliique
1204 1234 1381 1301 confessarii

131 1344 286 1410 ordinarii
310 1344 413 1410 asnis
436 1343 663 1428 poenitentibus
686 1342 847 1408 audiendis
867 1342 1022 1425 sapienter
1045 1339 1253 1405 abstinebunt.

242 1448 358 1517 curent
382 1468 451 1515 vero
474 1448 614 1533 parocbi,
648 1449 684 1513 ut
717 1446 950 1513 extraordinarii
975 1446 1170 1511 arcessantrrr
1193 1443 1381 1522 confessarii,

132 1553 189 1638 qui
215 1540 276 1618 una
298 1573 368 1619 cum
391 1553 592 1619 missionariis
612 1552 750 1617 fidelium
772 1550 976 1617 confessiones
998 1550 1161 1635 excipiant.

243 1657 296 1727 18.
323 1658 477 1724 Absoluta
497 1658 642 1724 missione
664 1655 815 1740 parochus
837 1656 963 1741 ejusque
985 1656 1195 1739 cooperatores
1218 1652 1382 1718 attendant

134 1763 335 1846 praecipuum
364 1764 395 1829 et
427 1759 564 1827 maxime
589 1761 794 1827 necessarium
817 1761 951 1828 laborem
977 1760 1077 1827 adbuc
1100 1776 1267 1843 superesse.
1312 1758 1381 1822 Non

136 1866 226 1931 aliud
247 1866 364 1933 iactum
387 1867 511 1951 putent,
535 1886 626 1951 qnam
650 1885 760 1951 agrum
783 1866 843 1931 sibi
867 1864 1063 1931 commissum
1087 1862 1218 1929 revulsis
1241 1860 1382 1946 vepribus

136 1974 171 2036 et
201 1970 325 2036 tribulis
355 1970 392 2036 ad
424 1970 579 2037 culturam
607 1990 673 2036 esse
704 1970 898 2055 dispositum.
942 1969 1135 2053 Quapropter
1155 1967 1194 2033 ad
1216 1966 1268 2051 pia
1289 1983 1382 2050 opera

136 2075 263 2159 publica
284 2078 315 2141 et
339 2075 477 2159 priuata,
505 2095 583 2160 qnae
613 2078 750 2160 ternpore
782 2074 935 2141 missionis
964 2074 1111 2140 instituta
1138 2071 1186 2139 uel
1209 2072 1382 2137 instaurata

137 2181 228 2259 sunt,
252 2180 381 2246 iorenda
404 2198 436 2245 se
460 2181 642 2265 accingant;
674 2200 742 2259 eos,
773 2180 825 2264 qni
854 2180 894 2245 nd
923 2180 1118 2245 sacramento
1143 2176 1318 2255 redierunt,
1350 2175 1380 2239 in

138 2285 225 2349 bonis
249 2284 412 2367 propositis
435 2284 615 2351 confirmare
638 2286 813 2362 enitendum
839 2303 916 2370 qnae
940 2284 1086 2349 scandala
1104 2283 1221 2349 resecta
1239 2283 1321 2357 srrnt,
1345 2299 1381 2345 ea

138 2392 261 2455 strenue
284 2390 321 2453 nb
344 2390 418 2456 ovili
442 2389 623 2467 cohibeant3
648 2410 682 2455 er
704 2410 742 2455 ea
763 2409 855 2476 qnam
879 2390 1008 2475 quisque
1031 2388 1161 2455 insumit
1178 2406 1311 2471 operam,
1332 2384 1378 2449 in-

139 2494 266 2579 telleget
288 2497 388 2559 totum
411 2496 474 2560 fers
496 2495 627 2579 pendere
649 2496 815 2561 salutarem
842 2494 994 2560 missionis
1018 2494 1172 2560 effectum.

241 2595 293 2666 19.
328 2598 369 2664 Ut
388 2602 493 2664 autem
517 2599 637 2665 tructus
665 2600 818 2663 missionis
846 2601 1030 2664 renoventur
1057 2600 1088 2663 et
1110 2616 1214 2663 omnes
1238 2596 1379 2681 frequen-

142 2702 242 2766 tandis
264 2703 465 2767 sacramentis
487 2703 671 2780 assuefiant,
702 2704 798 2767 veiint
829 2703 953 2785 parochi
982 2701 1136 2768 interdum
1160 2720 1380 2766 commemora·

141 2804 254 2871 tionem
277 2806 431 2871 missionis
451 2807 632 2882 instituere3
663 2808 742 2892 qnod
774 2808 898 2892 quidem
922 2806 1038 2891 optimo
1061 2805 1133 2885 liet,
1162 2805 1187 2871 si
1213 2806 1318 2870 fideles
1341 2804 1379 2869 ad

143 2910 270 2993 maiores
292 2910 448 2976 Ecclesiae
471 2910 657 2977 festivitates
680 2912 726 2977 ita
742 2912 954 2995 disponantur,
981 2916 1015 2975 nt
1032 2910 1206 2993 praemissis
1223 2908 1310 2975 bidui
1326 2914 1380 2975 aut

104 3036 108 3042 ⁴
142 3014 233 3081 tridui
265 3015 396 3099 publicis
424 3016 594 3095 exercitiis,
625 3016 771 3082 solemnis
800 3020 915 3101 agatur
945 3016 1013 3101 ipso
1045 3018 1122 3082 festo
1151 3015 1199 3080 die
1229 3016 1381 3101 generalis

142 3120 321 3186 communio.

241 3224 296 3295 20.
327 3226 498 3292 Hortamur
517 3228 642 3314 insuper
667 3229 831 3313 parochos,
863 3232 899 3294 ut
927 3230 1060 3295 secundo
1083 3248 1203 3314 quoque
1227 3248 1306 3295 anno
1329 3247 1379 3294 ou·

142 3331 258 3397 ternum
281 3330 431 3398 advocent
453 3332 709 3414 continuatorem,
732 3335 784 3418 qui
808 3353 863 3419 per
885 3335 947 3400 tros
969 3334 1035 3399 dies
1057 3334 1203 3419 populum
1221 3336 1381 3418 praeparet

144 3435 178 3499 ad
198 3436 425 3502 solemnitatem
449 3436 647 3505 Adorationis
670 3442 835 3523 perpetuae
858 3439 1013 3506 fructuose
1036 3438 1251 3523 peragendam.

240 3540 290 3609 21.
323 3541 360 3607 ln
382 3541 451 3607 tota
475 3542 536 3607 iere
557 3541 689 3609 dioecesi
712 3542 845 3609 invaluit
875 3562 939 3610 mos
965 3543 1138 3609 arcessendi
1162 3542 1324 3627 aliquoties
1348 3542 1378 3607 in

145 3664 215 3710 anno
238 3645 496 3713 extraordinarios
516 3646 727 3713 confessarios.
774 3647 984 3726 Decernimus,
1007 3652 1042 3715 nt
1064 3648 1094 3713 in
1120 3666 1301 3733 unaquaque
1324 3668 1378 3733 pa-

146 3750 242 3813 rochia
265 3751 376 3815 saltem
400 3751 493 3817 semel
519 3751 548 3816 in
572 3772 651 3818 anno
674 3752 808 3819 itabat.

239 3850 290 3921 22.
315 3852 368 3933 Iis,
390 3874 467 3939 qnae
488 3856 525 3921 de
544 3858 740 3942 missionibus
755 3859 1001 3945 advocandisque
1017 3859 1210 3926 confessariis
1226 3858 1379 3925 extrancis

146 3976 176 4022 ac
195 3959 455 4025 contionatoribus
478 3960 639 4040 ediximus,
659 3963 776 4046 optime
796 3964 1016 4042 consuleretur,
1042 3966 1068 4029 si
1089 3964 1158 4049 piae
1173 3963 1379 4031 liberalitates

147 4062 229 4145 atque
251 4061 359 4147 legata
381 4063 454 4129 huic
475 4066 570 4148 operi,
593 4085 654 4151 quo
673 4066 873 4134 excellentius
897 4086 956 4134 non
978 4072 1035 4147 est,
1061 4068 1300 4154 applicarentur.

239 4164 293 4234 23.
319 4168 483 4259 Decretum
508 4172 747 4253 praedecessoris
770 4172 876 4239 Nostri
899 4192 923 4242 s.
950 4194 989 4239 m.
1011 4174 1154 4240 Andreae
1173 4175 1269 4242 Raess
1292 4193 1379 4240 reno·

148 4271 252 4349 rantes,
277 4273 418 4354 parochis
441 4292 545 4341 serere
567 4275 741 4360 injunctum
764 4296 831 4343 esse
854 4278 1004 4355 volumus,
1030 4298 1066 4344 ne
1083 4278 1266 4345 inconsultis
1281 4279 1378 4345 Nobis

147 4374 179 4438 ab
199 4376 330 4440 externis
350 4377 540 4460 quibuslibet
563 4380 794 4460 sacerdotibus,
822 4382 879 4447 etsi
905 4382 982 4449 alias
1003 4384 1066 4467 jam
1090 4401 1144 4466 pro
1168 4383 1226 4449 bac
1246 4383 1378 4449 dioecesi

148 4480 320 4649 :pachalis
342 4482 466 4565 publica
488 4488 520 4549 et
539 4485 781 4551 extraordinaria
802 4486 960 4573 religionis
982 4488 1127 4554 exercitia
1151 4488 1197 4554 rol
1218 4486 1379 4553 missiones

166 4601 182 4647 a
215 4584 377 4651 risinant.
