3275 4917
247 226 288 293 70
352 244 472 315 Smper,
490 242 636 314 Beitrdpo
654 257 712 297 sur
731 241 927 311 u'nrdopanp
947 240 1002 295 der
1021 238 1385 296 Decretisieniitlerntnr.

349 415 386 481 In
403 414 482 483 Dist.
499 413 560 480 Vll
576 411 697 479 sobeint
713 410 909 496 Pauoapalea
924 410 1127 476 nnmittelbur
1142 411 1271 479 benutat
1287 431 1324 479 an
1339 414 1406 479 sein
1416 414 1489 500 ¹⁰¹);

247 520 296 588 die
321 518 522 603 Darstellnng
551 516 634 603 aeigt
660 515 739 584 auch
763 514 831 583 bier
853 515 902 582 die
921 514 972 581 iuir
991 514 1050 581 den
1074 516 1233 583 Veriasser
1254 517 1491 585 obaralterisii·

246 625 340 693 soban
364 622 732 709 Idigenthdmlioblraiten.

350 728 399 795 Ad
423 748 450 795 o.
476 728 514 793 1:
546 776 584 795 ..
612 780 618 796 .
641 726 703 793 Sed
725 724 872 811 quioquid
896 725 934 790 de
956 724 1027 791 aliis
1056 725 1116 804 sii,
1149 724 1187 791 de
1214 726 1271 792 boe
1302 727 1384 811 [soil.
1407 728 1489 811 quod

246 836 351 903 Numa
383 832 553 916 Pompilius
583 831 682 915 primo
709 830 829 897 dederit
858 830 961 914 legem
994 828 1153 918 Romanis]
1185 832 1308 897 constal
1337 832 1417 916 quod
1446 834 1490 898 ait

245 938 369 1006 falsum.
410 936 559 1004 Romulus
590 936 672 1001 enirn
707 936 775 1019 post
806 934 1031 1001 incrementum
1059 933 1196 999 civitatis
1216 934 1248 1000 in
1273 935 1361 1002 XXX
1384 938 1489 1021 parles

245 1045 375 1111 Romam
398 1041 505 1109 divisit
527 1042 558 1107 ei
581 1039 652 1107 illas
676 1042 778 1124 partes
808 1038 974 1119 ouriasl⁰⁸l
1004 1038 1192 1123 appellarit3
1207 1041 1255 1105 et
1281 1040 1385 1125 leges,
1412 1060 1489 1125 quas

245 1147 295 1214 illi
317 1149 352 1232 0)
375 1146 622 1224 constituebant,
646 1144 764 1211 ennato
787 1142 1042 1229 appellabantur:
1072 1162 1166 1227 quara
1191 1144 1297 1210 Numa
1319 1145 1490 1229 Pompilius

246 1272 305 1320 uon
329 1251 427 1336 primo
454 1249 539 1335 loges
566 1250 713 1316 Romanis
734 1248 832 1315 dedit.
872 1247 920 1312 Ad
945 1247 1002 1313 hoo
1023 1246 1205 1314 dicendum:
1238 1247 1284 1313 rel
1307 1249 1381 1332 quia
1403 1249 1490 1316 dedit

245 1357 290 1423 eis
319 1355 553 1433 auotoritatem‚
585 1373 655 1419 oum
689 1353 774 1437 prins
808 1354 912 1418 essem
942 1350 1009 1419 aine
1042 1372 1088 1429 a,
1120 1352 1168 1419 sel
1197 1352 1278 1436 qnod
1308 1354 1407 1437 primo
1430 1354 1488 1419 sub

247 1460 368 1528 nornine
390 1477 446 1526 suo
468 1457 570 1536 dedit3
599 1455 750 1525 Romulus
781 1457 865 1523 enim
895 1476 952 1523 non
984 1457 1041 1523 sub
1069 1476 1127 1523 sna
1150 1474 1295 1541 persona,
1324 1457 1378 1524 sod
1400 1458 1490 1541 quasi

246 1566 276 1631 iu
299 1564 437 1650 personis
459 1562 582 1645 illarum
606 1562 741 1647 partium
765 1561 850 1647 leges
869 1560 1009 1628 oondirlit
1031 1609 1233 1630 .......

350 1668 391 1735 ut
420 1670 494 1734 nota
526 1666 605 1751 quod
641 1666 740 1734 solum
777 1664 980 1749 Tarquinium
1014 1663 1188 1749 Superbum
1221 1665 1423 1749 expulerunt,
1456 1670 1488 1733 ei

245 1778 350 1841 tamen
379 1790 468 1858 reges
494 1770 641 1837 dicuntur
670 1770 841 1855 expulisse,
874 1770 948 1855 quia
978 1770 1168 1837 voluntatem
1189 1769 1366 1837 babuerunt
1387 1770 1490 1855 expel-

246 1877 328 1944 lendi
351 1896 465 1944 omnes.

350 1981 399 2047 Ad
422 2000 449 2048 u.
472 1982 492 2045 2
518 1981 552 2045 D.
578 1980 597 2045 7
621 1979 671 2045 die
694 1979 850 2045 bekannte
871 1977 979 2056 Stella,
1003 1978 1118 2045 nelobo
1140 1978 1305 2058 boriobtst‚
1329 1979 1401 2045 dass
1420 1979 1488 2044 sion

247 2087 302 2152 der
331 2084 431 2153 codex
464 2083 695 2150 Theodosianus
723 2083 754 2148 in
786 2082 934 2149 chartres
961 2082 1043 2149 finde
1057 2083 1122 2170 ²⁰⁴).
1170 2084 1229 2149 Am
1260 2081 1405 2150 Sohlnsse
1433 2083 1489 2149 der

248 2188 327 2256 illst.
352 2189 370 2255 7
402 2188 476 2253 uird
503 2188 614 2253 ebeuso
640 2188 694 2252 uie
716 2187 766 2253 bei
792 2186 986 2271 Pauoapalea
1003 2187 1057 2252 der
1079 2187 1108 2271 ἕ.
1132 2188 1152 2253 3
1181 2186 1286 2256 const.
1309 2186 1348 2252 de
1369 2187 1488 2254 Justin.

248 2292 314 2359 ood.
340 2293 419 2360 ooni.
442 2292 501 2377 (Il)
521 2292 625 2369 eitirt;
657 2290 712 2355 das
746 2290 833 2357 citat
865 2290 958 2357 andei
992 2291 1059 2357 bier
1095 2290 1153 2356 mit
1179 2292 1208 2357 d.
1234 2292 1300 2358 W.:
1339 2291 1489 2357 »recitare

247 2396 498 2463 certaminibus«.
547 2396 607 2461 Der
631 2395 789 2462 Veriasser
813 2396 884 2480 ibgt
906 2395 984 2461 noch
1007 2394 1073 2462 bei:
1103 2395 1185 2461 Nota
1212 2396 1293 2479 quod
1320 2396 1352 2462 in
1382 2395 1488 2463 oodioo

247 2500 458 2568 Theodosiana
481 2502 513 2566 et
535 2499 678 2566 similiter
694 2500 726 2565 in
743 2499 814 2565 aliis
834 2499 935 2566 multa
950 2500 1156 2580 eontinentur,
1176 2501 1288 2585 quibus
1303 2500 1486 2585 derogatum

247 2608 312 2685 ast,
337 2607 374 2671 ut
395 2603 476 2689 quod
499 2623 558 2672 non
581 2604 674 2671 liceat
693 2604 942 2689 prouocationem
965 2604 1032 2670 deri
1055 2604 1114 2669 nisi
1129 2604 1211 2670 inira
1227 2603 1364 2670 triduum
1384 2604 1488 2670 -oui

246 2710 429 2795 derogatum
453 2712 500 2775 est
522 2728 575 2794 por
597 2708 733 2775 codicem
756 2708 947 2788 lastiniani,
978 2708 1051 2793 quia
1085 2708 1130 2774 ibi
1159 2708 1275 2775 dieitur
1301 2709 1381 2793 qnod
1408 2709 1490 2775 inira

246 2813 352 2882 deoem
375 2814 440 2881 dias
460 2813 555 2881 lioeat
575 2813 812 2898 appellationem
836 2812 913 2879 lieri.

351 2918 386 2985 lu
410 2918 491 2984 Dist.
516 2917 593 2983 Vlll
617 2917 655 2984 ad
680 2916 754 2984 diet.
779 2916 868 2984 crat.
892 2937 937 3002 ps.
961 2916 978 2983 Ι
999 2936 1028 2984 a.
1051 2937 1078 2983 o.
1103 2920 1120 2982 1
1151 2918 1219 2983 eino
1251 2916 1409 2995 Polemilr‚
1438 2917 1489 2982 dio

245 3023 311 3089 sieb
335 3041 436 3109 gagen
456 3021 588 3089 cratian
611 3022 746 3100 riobtet,
775 3021 903 3088 uolebas
928 3021 957 3088 b.
981 3022 1001 3087 l.
1025 3021 1077 3088 dia
1101 3022 1309 3107 Bahauptnng
1329 3022 1488 3087 anistellt:

247 3176 255 3195 .
280 3176 289 3192 .
313 3177 319 3191 .
345 3175 353 3191 .
376 3126 442 3191 iuro
465 3127 577 3191 nature
599 3127 672 3192 sunt
696 3127 799 3192 omnia
821 3126 998 3192 eommunia
1018 3126 1177 3205 omnibus,
1206 3126 1285 3211 quod
1306 3146 1366 3193 uon
1389 3126 1488 3191 solum

246 3230 329 3295 inter
364 3247 414 3297 eos
448 3230 606 3295 serratum
641 3229 795 3308 ereditur,
831 3230 869 3297 de
902 3230 1015 3314 quibus
1044 3230 1161 3315 legitur
1169 3233 1225 3315 ²⁰⁶)
1259 3229 1489 3296 »Multitudinis

349 3458 411 3529 202)
438 3457 495 3515 Wle
523 3458 634 3515 Schulto
660 3457 790 3529 [Panoap.
813 3458 841 3513 S.
859 3457 915 3524 XI,
939 3457 1035 3513 Gesob.
1054 3457 1080 3513 d
1099 3456 1185 3525 Quell.
1206 3460 1218 3513 l
1238 3460 1264 3513 S.
1284 3456 1344 3522 128,
1368 3455 1423 3511 lita
1441 3456 1488 3527 27]

245 3544 348 3616 riahiig
367 3544 497 3601 bernerlt.

348 3631 410 3701 200)
431 3631 481 3687 bie
499 3632 737 3702 Worterlliruug,
766 3630 866 3686 urslebe
896 3632 1065 3700 Panoapaloa
1088 3630 1143 3687 und
1163 3632 1243 3687 linha
1268 3630 1398 3702 bringnn,
1423 3628 1489 3683 nird

246 3717 372 3788 ignorirt.

350 3804 413 3873 204)
434 3804 484 3859 Die
502 3804 664 3875 Bodeutung
691 3804 832 3859 derselbon
857 3804 920 3859 dari
944 3804 1020 3860 nieht
1041 3804 1213 3861 abnuebant
1239 3804 1360 3870 nordon;
1388 3802 1490 3859 coarat

245 3890 381 3961 (cpitorae
399 3891 499 3947 emotis
517 3890 626 3962 regibus
643 3907 668 3960 p.
681 3889 889 3960 cerXXVIll)
908 3891 993 3948 findet
1011 3892 1063 3947 mit
1079 3891 1166 3947 Reobt
1185 3892 1230 3947 dio
1247 3892 1389 3947 Annabme
1407 3892 1489 3945 nahe-

246 3976 371 4047 liegend,
396 3977 458 4033 dass
477 3978 524 4033 der
543 3976 683 4033 Veriassor
699 3977 750 4033 den
769 3975 858 4033 codor
879 3976 1081 4034 Theodosisnus
1102 3995 1154 4032 nar
1177 3977 1291 4034 ‹losbalb
1311 3979 1339 4033 in
1360 3977 1489 4054 chartres

246 4063 429 4129 rormuthote,
458 4065 515 4119 weil
544 4065 587 4120 bei
613 4064 660 4120 lvo
678 4081 729 4120 ron
747 4062 877 4121 chartres
901 4064 1006 4120 Stellon
1031 4082 1080 4120 ans
1107 4064 1263 4121 demsolben
1280 4066 1488 4137 sniganommon

246 4150 327 4208 saian.
345 4150 449 4222 (Vergl.
467 4153 535 4208 anob
556 4153 664 4208 Ficker
681 4152 707 4206 in
728 4150 778 4206 den
798 4151 1013 4222 liittbeilnngon
1030 4151 1076 4207 dea
1094 4151 1240 4207 lnstitutes
1257 4152 1300 4207 ihr
1319 4156 1414 4208 bstorn
1434 4151 1486 4207 Go-

245 4236 521 4309 anbiohtsloraobnnp‚
544 4236 711 4309 ErgspsBd.
731 4238 768 4304 ΙΙ,
786 4237 840 4306 44).
877 4238 963 4293 Wenn
989 4238 1101 4294 Schulto
1124 4240 1162 4294 im
1180 4240 1206 4295 J.
1227 4236 1294 4295 1875
1313 4239 1356 4295 die
1374 4240 1490 4294 husiobt

245 4324 390 4395 ansepranb
409 4324 516 4393 (Gosoh.
536 4324 562 4380 d.
581 4324 669 4392 Qnell.
686 4342 711 4379 u.
732 4324 800 4380 Litt.
818 4325 840 4386 1.
861 4324 931 4395 129),
949 4323 1012 4381 »dio
1028 4324 1115 4381 Stella
1133 4326 1258 4397 urgebo«,
1276 4327 1337 4382 dass
1350 4325 1410 4381 darn
1423 4326 1490 4380 Ver·

246 4412 330 4467 imur
350 4410 414 4466 »dor
431 4410 519 4467 codex
536 4410 738 4467 Theodosisuus
757 4411 878 4467 bekannt
896 4427 979 4476 urar«,
1006 4429 1037 4467 so
1062 4412 1129 4469 rrird
1151 4430 1180 4470 ar
1206 4414 1281 4469 disse
1307 4413 1490 4484 liehanptnnp

245 4498 328 4555 heuto
345 4498 417 4553 rrohl
434 4497 519 4554 solbat
539 4498 615 4553 nieht
633 4500 708 4555 mehr
726 4499 946 4555 anireohthalten
966 4498 1070 4556 wellen.

348 4582 411 4654 205)
432 4586 491 4639 hot.
512 4585 633 4655 Apostol.
653 4584 698 4651 lv,
717 4586 760 4640 32.
