3275 4917
434 228 577 299 Spnodrca
593 231 780 285 dioecesano
800 230 1036 301 Arpentlrrenata
1054 248 1082 285 u.
1099 230 1182 287 1894.
1363 208 1436 279 437'

291 401 461 467 Hortamur
482 402 644 486 parochos,
670 404 703 467 ut
730 402 809 467 hauc
833 401 947 468 malam
970 402 1222 468 consuetudinem
1246 402 1426 485 impediant,

187 508 228 583 et,
253 505 279 569 si
302 506 564 572 cohortationibus
585 506 724 590 paternis
748 507 826 572 nihil
848 506 1019 592 proficient,
1042 505 1162 590 plenius
1185 508 1277 589 atque
1303 507 1429 571 uberius

187 609 225 675 de
248 609 338 675 sactis
360 610 397 673 ad
420 611 485 675 Nos
509 610 694 693 perscribere
715 609 821 687 velint,
846 613 883 675 ut
904 610 1040 675 remedia
1060 629 1273 693 proponamus.

293 713 565 779 Praedecessorum
597 716 769 781 nostrorum
803 715 841 780 ed
873 716 972 780 instar
1001 714 1203 790 mandamus,
1237 732 1273 779 ne
1303 713 1428 797 parochi

187 836 322 900 unquam
351 818 556 902 processiones
587 818 756 883 instituant
779 818 818 882 ad
842 820 926 899 loca,
955 837 1034 902 quae
1065 818 1148 883 ultra
1176 818 1295 882 leucam
1327 838 1345 883 a
1372 835 1429 881 sua

186 922 330 1002 parochia
351 922 480 1002 distant,
505 943 580 987 neve
603 922 705 1007 plures
729 923 935 1005 processiones
958 923 990 988 in
1008 942 1102 987 onum
1120 921 1311 1005 eundemque
1327 922 1426 987 locum

186 1026 378 1094 conveniant.
423 1028 499 1093 Cum
521 1026 634 1092 adsunt
658 1028 791 1093 rationes
814 1027 907 1093 aliter
930 1026 1052 1111 agendi,
1074 1026 1138 1092 Nos
1158 1026 1244 1091 adire
1268 1027 1396 1109 oportet.

530 1202 621 1269 Pars
643 1200 716 1268 ΠΙ.
760 1202 812 1269 lle
835 1200 1080 1269 sacramentis.

499 1328 577 1414 θαι).
600 1332 629 1397 Ι.
667 1329 717 1397 Dc
738 1337 936 1399 socrumcctd
958 1331 1116 1413 baptismi.

291 1458 346 1529 68.
370 1460 445 1527 Cum
471 1461 643 1545 baptismus
665 1462 707 1527 sit
729 1463 861 1527 maxime
885 1462 1090 1529 necessarium
1114 1462 1350 1539 sacramentum,
1377 1480 1428 1544 pa-

186 1564 282 1641 rochi,
306 1566 463 1631 occasione
486 1568 570 1644 data,
594 1569 747 1650 parentes,
771 1567 924 1650 imprimis
946 1569 1050 1632 autem
1076 1569 1201 1645 matres,
1232 1565 1426 1643 admoneant,

187 1673 223 1736 ut
244 1673 346 1748 omni,
377 1690 437 1754 qua
460 1673 601 1754 parcet,
632 1671 798 1755 diligentia
820 1670 973 1750 inientes,
1003 1670 1126 1737 etiamsi
1154 1669 1270 1754 optime
1293 1671 1428 1749 valeant,

186 1775 413 1858 quamprimum
443 1775 509 1840 fieri
533 1778 664 1859 poterit,
697 1776 908 1859 baptismium
942 1776 1063 1841 eosdem
1095 1779 1254 1859 praetcrea
1286 1778 1430 1841 moneant

187 1898 312 1963 gravem
337 1881 459 1963 culpans
483 1880 575 1963 hujus
598 1880 690 1945 officii
715 1879 909 1964 negligentia
933 1879 1081 1946 lacillime
1104 1878 1269 1945 committi.
1305 1879 1332 1943 A
1356 1898 1424 1944 sao·

187 1983 255 2049 culo
277 1983 307 2047 in
331 1984 448 2049 Nostra
473 1984 603 2049 dioecesi
632 1985 786 2050 statutum
817 1985 882 2064 est,
914 2002 952 2049 ne
980 1983 1152 2068 baptismus
1182 1984 1267 2049 ultra
1289 1982 1426 2048 triduum

186 2086 357 2153 differatur.
1405 2101 1407 2106 ’

290 2190 347 2261 69.
381 2192 579 2259 Memineriot
610 2194 748 2276 pastores
774 2191 949 2258 animarum
979 2191 1198 2258 admonitionis
1222 2193 1343 2261 ritualia
1367 2195 1426 2261 lto·

187 2296 292 2361 mauis
327 2296 442 2361 Curare
476 2297 568 2363 debet
599 2296 767 2382 parochus,
804 2298 839 2362 nt
871 2296 995 2374 fideles,
1033 2296 1211 2379 praesertim
1236 2299 1427 2377 obstetrices,

186 2404 306 2467 rectum
328 2402 505 2485 baptizandi
530 2402 624 2467 ritum
647 2404 775 2467 teneant
797 2404 829 2467 et
851 2403 984 2467 servent.
1017 2400 1167 2466 Volumus
1189 2402 1296 2485 igitur,
1318 2406 1354 2469 ut
1372 2423 1426 2487 pa·

186 2505 272 2571 rochi
292 2507 387 2570 semel
409 2507 519 2572 saltem
542 2506 574 2571 in
598 2524 677 2571 anno
699 2507 884 2571 obstetrices
905 2506 937 2570 in
961 2504 1103 2588 paroecia
1118 2506 1265 2589 degentes
1280 2526 1325 2581 ea,
1349 2527 1428 2590 quac

186 2608 225 2672 ad
249 2609 435 2691 baptismum
459 2610 642 2675 necessitate
665 2613 795 2693 urgento
810 2608 1092 2675 administrandum
1109 2613 1261 2692 spectant,
1285 2615 1428 2678 accurate

186 2711 342 2777 edoceant.
388 2713 477 2795 lpsae
500 2732 570 2779 uero
601 2733 756 2797 nunquam
785 2714 929 2797 parentes
958 2712 1076 2779 hortari
1108 2713 1284 2797 negligant,
1314 2718 1350 2781 ut
1382 2717 1429 2781 in·

186 2814 288 2881 fantes
309 2834 380 2881 suos
402 2818 629 2900 quamprimum
654 2818 854 2901 baptizandos
876 2817 994 2883 curent.

289 2918 321 2986 Si
343 2922 475 3000 eveniat,
498 2923 535 2987 ut
556 2922 774 2989 obstetricibus
793 2922 977 2989 necessitate
992 2922 1122 3005 urgente
1139 2922 1359 3005 baptizandum
1375 2925 1426 3002 sit,

186 3025 233 3103 id,
263 3025 314 3090 ubi
346 3026 413 3089 fieri
443 3027 560 3108 potest,
595 3044 697 3093 coram
727 3026 845 3091 duobus
876 3026 1010 3091 testibus
1043 3025 1159 3091 iaciant
1187 3044 1222 3089 ac
1252 3030 1357 3111 postea
1389 3028 1427 3095 de

185 3130 338 3213 baptismo
360 3129 473 3194 collato
495 3129 661 3212 parochum
683 3130 741 3195 loci
760 3129 923 3196 certiorem
945 3128 1075 3195 reddant
1096 3128 1146 3215 (R.
1171 3129 1212 3199 hl.
1237 3130 1251 3194 l
1274 3130 1361 3216 235).

288 3232 341 3303 70.
367 3234 510 3317 Proprius
533 3233 679 3317 baptismi
702 3233 939 3301 administrandi
960 3234 1045 3299 locus
1065 3237 1113 3299 est
1135 3234 1274 3299 ecclesia.
1321 3234 1428 3318 ltaque

185 3339 250 3403 sine
272 3338 397 3421 speciali
420 3337 536 3403 Nostra
557 3338 683 3403 licentia
705 3337 897 3420 baptismum
918 3338 951 3403 in
970 3338 1113 3403 sacristia
1136 3337 1348 3403 administrari
1369 3358 1427 3404 non

185 3443 268 3521 licet,
294 3443 351 3507 uisi
376 3442 440 3506 vita
460 3443 508 3508 vel
523 3442 667 3508 valetudo
681 3442 812 3508 infantis
828 3442 965 3525 graviter
981 3442 1174 3526 periclitetur
1190 3442 1241 3527 (a.
1257 3442 1298 3508 hl.
1314 3443 1427 3526 1397).

288 3545 337 3617 71.
377 3547 540 3623 Parentes,
575 3546 628 3629 qui
663 3549 788 3629 petunt,
820 3547 855 3611 ut
884 3545 1017 3612 inientes
1045 3546 1092 3612 sui
1116 3546 1198 3610 domi
1223 3546 1427 3629 baptizentur,

187 3656 368 3715 moneantur
390 3652 447 3716 hoc
470 3651 529 3715 nisi
551 3651 589 3715 oh
613 3651 813 3735 gravissimas
836 3669 946 3717 causas
970 3653 1009 3716 ab
1032 3650 1195 3717 Ordinario
1218 3670 1277 3716 non
1293 3652 1427 3717 concedi.

289 3753 339 3822 72.
369 3755 564 3821 Consuetudo
587 3756 721 3822 inientes
744 3755 927 3841 illegitimos
950 3756 1012 3820 alia
1033 3774 1069 3820 ac
1092 3759 1208 3821 ceteros
1233 3755 1307 3822 hora
1326 3757 1428 3840 bapti·

187 3857 296 3937 candi,
326 3860 378 3923 ubi
402 3862 517 3937 exstat,
549 3863 706 3936 serretur,
738 3860 904 3926 dummodo
934 3879 971 3924 ne
1002 3860 1137 3925 tardiore
1162 3861 1236 3925 bora
1265 3860 1336 3937 iiat;
1365 3861 1427 3926 sint

187 3964 292 4028 autem
313 3964 435 4046 parochi
457 3963 488 4027 in
510 3982 547 4028 ea
567 3963 718 4030 seruanda
737 3966 868 4030 maxime
893 3963 1056 4047 prudentes
1079 3962 1176 4045 (Meta
1200 3963 1264 4049 74).

290 4065 342 4136 73.
380 4066 530 4134 Parochos
560 4070 693 4133 monitos
728 4068 869 4134 volumus
899 4086 1010 4134 nomen
1041 4068 1172 4150 eligere,
1206 4068 1286 4152 quod
1315 4070 1428 4134 intanti

187 4170 371 4256 baptizando
403 4172 468 4237 sire
499 4171 642 4255 legitimo
673 4173 737 4237 sire
766 4172 932 4257 illegitimo
963 4172 1157 4256 imponatur,
1187 4176 1347 4256 parentum
1382 4174 1428 4238 sel

188 4277 297 4341 matris
320 4295 402 4353 essm
431 4276 600 4341 curandum
632 4279 736 4342 tamen
766 4281 831 4355 est,
863 4278 899 4341 ut
920 4277 987 4341 sola
1015 4277 1137 4341 uomina
1164 4280 1340 4343 sanctorum
1365 4278 1426 4343 im·

187 4384 340 4464 ponantur
361 4380 446 4466 (Ges.
472 4381 523 4448 11.
548 4380 652 4447 Germ.
676 4380 723 4446 Xl
746 4380 820 4446 orird
846 4382 928 4447 1895
951 4381 1145 4464 aulgehobeu
1172 4382 1313 4463 werden).

289 4484 341 4553 74.
372 4486 408 4550 lu
439 4485 590 4569 eligendis
621 4484 750 4569 patrinis
780 4488 811 4551 et
844 4484 984 4551 matrinis
1012 4488 1199 4569 praescripta
1222 4486 1344 4552 ritualia
1369 4484 1428 4550 Ro·

187 4590 270 4655 mani
285 4593 456 4666 seruentur,
474 4588 592 4656 nullam
609 4589 713 4655 antem
729 4591 761 4655 in
773 4592 891 4675 partem
905 4591 1090 4657 excedantur
1106 4592 1202 4669 (bleta
1214 4592 1255 4656 76
1268 4610 1298 4657 u.
1311 4590 1348 4657 G.
1361 4591 1428 4672 24.)
