3275 4917
250 209 315 278 142
435 230 546 295 Arndt,
566 228 625 286 Dte
646 227 840 300 bomensor»
856 229 1087 299 wistremaro
1105 232 1307 289 aeramentis.

352 405 409 470 Dio
432 422 486 470 ror
506 402 577 469 dem
600 402 817 470 Tridentinum
839 403 984 488 geltoude
1007 402 1158 491 Orduuug
1188 404 1230 470 ist
1261 404 1294 471 in
1324 404 1398 471 ansi
1429 404 1493 472 De-

245 509 383 578 crstoleu
414 507 584 575 enthaiten.
642 506 813 588 »Quoniam
844 512 1005 591 peccatum
1035 508 1133 593 ipsius
1162 508 1316 575 occultum
1349 509 1491 589 dixisti,‹

245 614 384 681 schreibt
412 612 589 678 Alexander
614 611 673 680 111.
704 610 736 676 iu
764 611 819 677 der
847 613 1012 679 Decretale
1042 613 1097 679 Ec
1124 619 1246 694 maure,
1277 613 1492 694 >mandamus

245 721 398 804 quatenus
428 716 648 801 poenitentiam
677 715 704 781 ei
728 715 914 802 condignam
938 717 1079 801 imponas
1102 720 1134 782 et
1156 716 1306 797 suadeas,
1337 719 1374 783 ut
1403 720 1492 801 parte

244 822 453 908 poenitentiae
475 822 600 905 peracta
622 818 729 885 ordine
752 820 895 903 suscepto
918 822 1043 901 utatur,
1071 840 1131 905 quo
1163 824 1325 887 contentus
1358 822 1493 887 existens

244 927 283 992 ad
305 927 477 1011 superiores
497 944 555 989 non
579 923 755 991 adscendet.
792 923 1031 1004 Verumtamen,
1058 925 1131 1009 quia
1151 927 1311 1009 peccatum
1334 925 1491 991 occuitum

244 1032 301 1109 est,
324 1030 351 1097 si
374 1028 544 1113 promoueri
568 1027 709 1105 uoluerit,
733 1046 803 1091 eum
828 1046 885 1093 non
910 1027 1002 1094 debes
1025 1028 1129 1113 aliqua
1152 1030 1272 1095 ratione
1295 1030 1487 1114 prohiberer

247 1134 346 1200 Weuu
370 1135 443 1200 aber
464 1133 518 1198 der
541 1132 684 1197 Kteritrer
707 1131 773 1197 siah
797 1132 941 1215 seigerte
972 1132 1041 1197 dem
1070 1132 1213 1199 Bisobose
1237 1153 1273 1198 zu
1296 1133 1401 1217 fulgen
1424 1134 1490 1197 und

243 1239 358 1305 seiuem
382 1237 482 1303 Ratbe
504 1256 541 1301 au
564 1236 793 1319 eutspreoheui
817 1236 889 1301 Erst
913 1236 1031 1319 Gregor
1054 1236 1109 1301 IX.
1136 1240 1319 1304 autwortcte
1336 1238 1393 1303 auf
1405 1239 1490 1303 diese

244 1336 344 1426 Frage
373 1342 403 1406 in
434 1341 488 1407 der
521 1340 680 1405 Decretale
702 1340 885 1423 Quaesitum
910 1340 948 1404 17
971 1340 1096 1406 Titulus
1121 1341 1165 1406 De
1186 1350 1314 1426 tempor.
1337 1344 1489 1411 ordinat:

247 1446 446 1528 »Quaesitum
470 1446 518 1510 est
545 1444 583 1509 de
613 1442 824 1509 sacerdotibus
853 1444 899 1510 ιιι
930 1444 999 1510 ιιιιι
1031 1444 1169 1524 ιιιιίιιι,
1201 1446 1253 1529 qui
1286 1466 1340 1530 por
1367 1449 1488 1513 reatum

242 1551 408 1628 adulterii,
431 1548 575 1634 perjurii,
598 1547 756 1612 homicidii
780 1548 827 1613 vei
851 1548 922 1613 falsi
948 1549 1117 1614 testimonii
1145 1550 1257 1615 bouum
1282 1550 1489 1615 conscientiae

242 1657 345 1721 rectae
368 1653 575 1737 perdiderunt.
616 1652 865 1735 Respondemus,
892 1652 972 1736 quod
996 1653 1021 1717 si
1050 1653 1206 1737 proposita
1229 1654 1358 1718 erimina
1381 1653 1488 1719 ordine

238 1758 403 1845 judiciario
426 1756 624 1841 comprobata
648 1755 697 1821 rol
720 1756 798 1821 alias
827 1757 947 1822 notoria
970 1746 1028 1821 non
1051 1757 1186 1837 fuerint,
1216 1777 1274 1822 nou
1307 1759 1421 1823 debent
1454 1758 1487 1823 bi

241 1865 362 1949 praeter
383 1881 450 1928 roos
475 1860 633 1927 homicidii
657 1864 728 1944 post
750 1860 972 1943 poenitentiam
994 1861 1025 1926 iu
1045 1861 1110 1946 jam
1135 1862 1288 1947 susceptis
1317 1862 1365 1926 rel
1388 1863 1487 1929 susci·-

240 1968 360 2054 pieudis
382 1966 542 2032 ordinibus
563 1964 716 2049 impediri.
740 1965 800 2048 Qui
821 1966 848 2029 si
870 1984 927 2032 uon
952 1965 1170 2048 poenituerint,
1197 1966 1340 2032 mouendi
1361 1972 1435 2032 suut
1454 1972 1488 2031 et

240 2073 297 2138 sub
319 2070 571 2136 interminatione
594 2068 691 2133 divini
712 2068 820 2153 judicii
844 2068 1039 2146 obtestandi,
1064 2072 1099 2135 ut
1121 2070 1151 2135 in
1175 2070 1387 2135 testinnonium
1411 2090 1487 2135 suae

239 2172 448 2240 damnationis
470 2173 501 2237 iu
524 2171 675 2255 susceptis
697 2171 792 2236 etiam
816 2172 975 2238 ordinibus
999 2191 1058 2238 non
1082 2174 1287 2239 ministrent«

344 2277 408 2342 Das
439 2277 552 2342 Deoret
579 2276 632 2342 des
661 2276 858 2342 'tridentinen
889 2276 1012 2343 Concils
1040 2277 1165 2343 aerttlit
1194 2278 1226 2343 in
1257 2277 1330 2342 zuei
1358 2278 1484 2344 Thaide:
1625 2266 1626 2301 r

242 2382 337 2449 »curn
359 2380 519 2448 honestius
540 2397 577 2444 ιι
601 2379 699 2445 tutius
721 2379 763 2445 sit
786 2379 925 2463 subjecto
949 2380 1086 2446 debitam
1110 2381 1298 2464 Praepositis
1320 2382 1483 2448 oboedien-

238 2487 316 2554 tiam
338 2484 542 2569 impendendo
564 2484 594 2548 iu
619 2484 754 2549 interiori
784 2484 954 2550 ministerio
986 2485 1141 2551 deservire
1171 2505 1263 2569 quam
1295 2506 1363 2552 oum
1395 2505 1485 2571 prae·
1625 2492 1626 2495 ’

239 2592 408 2677 positorum
429 2588 575 2654 scandalo
605 2590 758 2673 graduum
788 2588 933 2656 altiorum
963 2592 1106 2674 appetem
1136 2591 1340 2675 dignitatem,
1372 2592 1400 2656 ei
1429 2592 1483 2674 qui

238 2703 381 2763 ascensus
400 2695 438 2759 ιι
458 2711 564 2759 sacros
586 2693 707 2759 ordines
730 2712 749 2758 a
770 2711 827 2758 suo
850 2694 994 2760 Praelata
1010 2714 1046 2759 er
1062 2714 1243 2779 quacunque
1259 2714 1362 2774 causa,
1387 2695 1484 2761 etiam

237 2802 276 2868 ob
299 2800 454 2867 occultum
475 2797 610 2876 crimen,
629 2797 876 2881 quomodolibet,
896 2800 990 2864 etiarn
1014 2798 1298 2881 extrujudioialiter,
1321 2800 1416 2864 fuerit
1436 2800 1482 2864 in·
1625 2860 1626 2895 ,

237 2905 388 2971 terdictus
410 2907 467 2969 aut
485 2902 544 2989 (2.)
567 2902 619 2985 qui
643 2920 661 2965 ι
684 2901 748 2967 suis
770 2902 930 2968 ordinibus
956 2921 1010 2968 seu
1032 2902 1181 2989 gradibus
1204 2904 1251 2968 ιιι
1274 2904 1483 2988 dignitatibus
1625 2924 1626 2995 j

236 3007 454 3076 aeclesiasticis
477 3006 571 3072 fuerit
594 3024 768 3089 suspensus,
792 3006 879 3071 nulia
899 3009 1006 3073 contra
1022 3008 1118 3091 ipsius
1137 3008 1272 3074 Praelati
1289 3008 1481 3073 voluntatem
1625 2996 1626 3023 ¹

236 3131 380 3180 concessa
408 3109 537 3176 licentia
565 3109 603 3174 de
630 3128 663 3175 se
694 3111 864 3193 promoueri
892 3110 1032 3177 iaciendo
1063 3115 1118 3177 aut
1145 3113 1183 3178 ad
1210 3112 1326 3196 priores
1348 3112 1482 3186 ordines,

236 3216 409 3301 dignitates
430 3214 647 3280 sire'bonores
672 3213 829 3280 restitutio
850 3214 1067 3300 suffragetur«
1098 3252 1140 3263 —
1171 3215 1227 3281 Dio
1259 3215 1482 3282 vorstchenden

236 3319 491 3403 Bostimmungen
515 3316 582 3383 siud
607 3317 664 3383 den
690 3318 902 3384 Vorsabriftou
926 3318 979 3385 des
1005 3319 1272 3385 Decretatreobtes
1288 3320 1336 3383 ιιιι
1354 3319 1404 3384 ιιι
1421 3320 1483 3385 Be·
1625 3336 1626 3407 j

236 3424 363 3509 gulareu
390 3421 631 3506 uaobgebiidet:
667 3421 736 3488 »Ad
769 3441 859 3488 aures
891 3424 1012 3489 nostras
1043 3422 1199 3506 pervenit,
1231 3423 1311 3505 quod
1342 3423 1482 3507 religiosi

234 3528 359 3613 quidam
391 3527 429 3592 ad
459 3528 629 3611 superiores
645 3525 837 3593 'desiderant
871 3526 994 3593 ordines
1029 3526 1219 3611 promoveri,
1253 3528 1306 3593 ιιι
1344 3527 1481 3609 Praelatj

235 3650 339 3698 corum
369 3630 528 3696 desideriis
558 3629 781 3696 contradicunt.
836 3630 922 3696 Tuae
956 3630 1055 3715 igitur
1088 3631 1259 3716 quaestioni
1291 3631 1399 3697 taliter
1434 3652 1481 3697 re·

234 3736 437 3820 spondemus,
465 3734 545 3818 quod
566 3733 724 3800 honestius
755 3734 787 3799 ot
817 3734 918 3801 tutius
948 3736 997 3801 ιιι
1018 3735 1169 3819 subjectis
1191 3734 1329 3800 debitam
1353 3754 1480 3821 praepo-

234 3840 304 3906 sitis
326 3838 533 3905 obedientiam
563 3837 771 3922 impendendo
791 3837 822 3903 iu
846 3840 982 3905 inferiori
1009 3840 1180 3906 ministerio
1210 3839 1362 3905 deservire
1387 3860 1479 3925 quarn

233 3964 304 4012 cum
328 3944 576 4028 Praepositorum
605 3942 752 4009 scandalo
781 3943 934 4027 graduum
963 3946 1107 4028 appetere
1131 3944 1318 4028 dignitatem
1343 3996 1380 4013 ..
1407 3945 1480 4010 ιιιιι

234 4051 353 4133 potest,
382 4048 464 4133 quod
494 4048 631 4113 Praelati
656 4066 760 4113 eorum
783 4048 948 4114 commissa
967 4050 1088 4115 secreta
1109 4044 1269 4128 noverint,
1302 4066 1339 4113 er
1368 4048 1480 4132 quibus

232 4155 356 4219 constat
374 4153 436 4233 eis,
466 4152 547 4237 quod
575 4152 663 4219 solra
685 4152 872 4219 couscientia
895 4156 1051 4238 nequeunt
1073 4154 1265 4219 sublimari<
1312 4150 1400 4238 (Cap.
1423 4152 1479 4219 Ad

233 4276 328 4322 auras
351 4256 397 4321 De
417 4258 512 4340 temp.
534 4255 683 4343 ordinat.)

338 4359 402 4425 Das
431 4360 628 4426 'tridentiner
660 4361 773 4427 Deorot
803 4360 961 4445 abrogirto
993 4360 1043 4426 die
1067 4361 1198 4426 Decreta
1220 4360 1263 4425 Er
1286 4362 1392 4427 tenore
1416 4361 1477 4426 und

232 4460 346 4527 dohuts
368 4462 424 4528 dus
447 4463 547 4528 Beebt
574 4464 629 4528 der
658 4465 707 4529 fur
737 4464 786 4530 die
816 4465 990 4548 Regularen
1021 4464 1187 4548 geltenden
1222 4464 1478 4549 Bestimmungen

232 4562 286 4629 dos
307 4564 380 4648 Gap.
403 4564 460 4630 Ad
480 4586 574 4633 aures
595 4568 653 4632 aui
669 4568 719 4632 die
741 4568 914 4633 neitiichen
938 4569 1059 4635 Obereu
1082 4587 1149 4649 aus,
1169 4568 1274 4635 iudem
1299 4589 1333 4635 es
1353 4570 1404 4635 dis
1416 4570 1477 4637 ιιι·
