3275 4917
241 229 281 293 76
347 248 466 317 simper,
487 246 629 315 Beitrdpe
648 262 705 301 zur
726 246 919 318 Wordipunp
937 248 993 302 der
1014 246 1378 304 Decretietentitteratur.

242 418 289 484 vel
312 419 511 498 vendentem,
535 419 588 485 sed
612 439 670 485 nou
690 422 841 504 qnantum
865 419 903 484 ed
926 419 1098 495 ementem,
1127 417 1179 502 qui
1205 418 1284 484 bone
1306 417 1366 482 fide
1390 416 1482 494 emit3

240 524 356 607 emptio
378 524 460 589 enim
482 526 569 590 tenet
592 525 710 590 ratione
739 526 815 591 bone
845 524 934 603 fidei,
969 523 1023 588 sed
1056 542 1113 589 uon
1147 523 1266 589 ratione
1293 521 1350 588 rei.
1395 521 1484 587 Unde
1591 592 1595 595 ,

240 627 309 705 ille,
338 628 478 712 quirem
502 648 623 695 suerum
647 630 741 695 miehi
766 629 923 706 vendidit,
947 629 1071 694 tenetur
1099 627 1197 694 miehi
1225 626 1334 711 quenti
1353 625 1485 692 interest

241 750 307 797 mee
331 752 390 798 non
413 732 506 799 inisse
523 734 696 817 deceptum,
721 734 793 816 quio
814 736 847 799 et
864 751 1015 810 nummos,
1038 752 1114 817 quoe
1134 730 1205 798 dedi
1221 732 1250 796 ei
1265 750 1319 815 pro
1335 749 1368 795 re
1384 748 1482 807 seem,

240 838 364 903 tenetur
387 837 482 903 miobi
505 838 631 903 reddere
652 841 683 903 et
706 838 873 923 dampnum
897 837 1076 917 restituere,
1107 837 1187 922 quod
1209 856 1264 919 per
1282 854 1352 901 eum
1377 852 1484 918 pessus

239 961 326 1021 sum,
356 942 428 1026 quie
455 942 571 1008 eisdem
602 942 736 1008 nummis
768 962 887 1027 possem
911 943 1007 1008 uliam
1029 961 1093 1008 rem
1117 941 1228 1007 emisse
1251 943 1283 1006 ot
1305 939 1430 1005 interim
1451 938 1483 1003 in

241 1064 278 1111 ee
299 1064 365 1112 esse
387 1046 534 1113 luerotus.
580 1047 788 1131 loquentum
813 1066 886 1130 ergo
912 1066 963 1111 me
995 1046 1131 1130 decepit,
1157 1045 1338 1111 intentum
1359 1044 1483 1109 tenetur

240 1148 338 1215 miobi
359 1150 530 1217 restituere.
564 1150 623 1217 Sed
646 1152 749 1215 adhue
771 1151 935 1234 obponitur
954 1152 1062 1216 oontro
1077 1149 1177 1233 legem
1193 1149 1375 1232 predictam.
1402 1146 1484 1231 Quin

239 1253 278 1318 do
302 1253 396 1320 elicui
420 1273 472 1320 sex
495 1273 646 1332 nummos,
668 1257 705 1320 ut
722 1256 872 1320 restituet
895 1253 989 1320 miehi
1004 1254 1140 1321 oodioem
1157 1272 1270 1333 meum,
1294 1272 1385 1336 quem
1400 1250 1482 1335 apud

240 1378 310 1424 eum
334 1358 468 1443 deposui,
493 1362 525 1425 et
548 1360 605 1425 boo
627 1362 674 1425 est
698 1361 805 1425 eontra
828 1359 948 1444 legem,
971 1360 1045 1443 quie
1066 1358 1234 1424 seeundum
1259 1357 1360 1442 legem
1384 1355 1483 1440 gretie

241 1461 333 1528 debet
356 1463 450 1528 miehi
473 1464 636 1529 restituere
659 1463 738 1547 quod
764 1464 845 1546 apud
868 1482 938 1529 eum
963 1463 1100 1547 deposui.
1146 1462 1306 1547 Numquid
1329 1461 1429 1546 igitur
1451 1460 1483 1524 id

241 1568 272 1631 et
292 1566 439 1650 quioquid
462 1567 500 1633 ob
525 1568 554 1632 id
578 1567 695 1633 foetum
719 1568 824 1647 suerit,
847 1587 901 1651 pro
924 1569 1036 1633 induem
1060 1566 1236 1632 habendum
1260 1568 1330 1632 est?
1366 1564 1484 1647 Utique

240 1669 371 1735 aetionis
393 1690 458 1755 ope.
508 1672 570 1757 ligo
593 1672 674 1738 enim
699 1672 825 1738 oondioo
847 1673 886 1737 eb
911 1674 994 1756 ipso,
1015 1671 1046 1736 id
1070 1674 1118 1737 eet
1140 1690 1280 1737 nummos
1304 1688 1386 1736 meos
1408 1687 1484 1753 quos

239 1774 309 1840 dedi
333 1776 453 1859 requiro
473 1777 511 1842 ob
534 1779 609 1861 ipso.
651 1778 689 1843 ut
711 1780 785 1843 note
807 1778 889 1861 quod
910 1776 1032 1861 proprie
1054 1776 1139 1841 dioor
1162 1775 1338 1853 condicere,
1361 1773 1482 1859 quondo

240 1880 374 1963 aliquam
398 1900 463 1947 rem
487 1882 690 1947 determinate
712 1882 841 1966 requiro,
867 1884 902 1947 ut
928 1882 951 1945 V
976 1900 1116 1946 nummos
1139 1880 1187 1944 rei
1211 1880 1265 1945 vl.
1296 1879 1353 1944 llio
1376 1882 1481 1944 uutenr

239 1984 321 2049 diest
344 2004 376 2049 se
399 2004 457 2052 non
481 1986 591 2053 debere
614 1986 749 2065 reddere,
771 1987 844 2071 quio
858 1986 995 2051 dederim
1011 1985 1050 2064 ei,
1074 1988 1107 2051 et
1121 2003 1178 2069 ego
1196 1984 1366 2067 replicabo:
1389 1983 1483 2047 immo

240 2088 358 2167 reddes,
379 2090 453 2173 quie
475 2090 513 2154 ob
535 2094 654 2173 turpem
679 2109 804 2155 censum
827 2090 983 2174 accepisti.
1017 2089 1076 2156 Sed
1092 2093 1167 2153 tuno
1182 2088 1315 2154 obicitur
1331 2087 1368 2151 de
1384 2106 1483 2151 mere·

240 2192 326 2255 trioe.
373 2192 430 2257 oui
453 2191 545 2258 detur
567 2194 691 2278 quidem
716 2196 824 2260 eontra
848 2195 946 2279 legem
971 2197 1004 2260 et
1035 2194 1074 2260 ob
1103 2197 1224 2277 turpem
1256 2211 1399 2269 oensem,
1426 2209 1482 2256 neo

240 2297 343 2361 temen
369 2295 499 2362 aetionis
520 2318 576 2381 ope
596 2318 649 2381 pro
668 2298 783 2364 iniecto
804 2298 937 2363 babetur
958 2318 1014 2363 neo
1036 2298 1134 2382 repeti
1158 2300 1259 2381 potest
1277 2296 1357 2381 qnod
1380 2296 1409 2361 ei
1425 2296 1482 2360 du·

135 2392 137 2395 ’
239 2400 308 2465 tum
328 2404 393 2477 esdr
416 2403 519 2467 tumen
545 2403 570 2467 si
594 2404 777 2485 promissum
800 2405 882 2468 esset
896 2403 924 2469 ei
941 2406 974 2468 et
992 2402 1121 2468 traditio
1145 2402 1278 2468 nondum
1300 2400 1394 2478 foetu,
1415 2400 1482 2483 ipsa

240 2506 410 2591 perenm)
434 2524 491 2571 non
514 2509 625 2590 posset.
672 2506 720 2572 Ad
745 2508 802 2572 hoe
825 2507 1006 2573 dicendum:
1031 2508 1097 2591 ipsa
1118 2506 1252 2590 turpiter
1273 2524 1334 2571 non
1357 2504 1481 2588 uooipit,

144 2668 145 2673 ,
240 2628 309 2674 oum
332 2607 373 2675 eit
395 2611 557 2688 meretrix,
579 2611 632 2677 sed
656 2611 789 2695 turpiter
811 2613 887 2677 tacit
910 2612 990 2695 quod
1014 2614 1062 2677 est
1086 2610 1238 2677 meretrim
1282 2610 1395 2675 Adbuc
1415 2608 1482 2674 obi·

241 2714 331 2779 citur.
374 2713 454 2797 Quin
475 2718 582 2781 contra
603 2716 703 2801 legem
729 2718 776 2782 est
806 2716 886 2800 qood
915 2717 953 2782 do
985 2716 1078 2781 eiioui
1108 2735 1156 2781 res
1188 2733 1290 2792 meas,
1320 2716 1357 2779 ut
1385 2713 1480 2779 elium

239 2818 422 2899 interficiet,
459 2840 513 2885 neo
534 2839 587 2904 pro
610 2821 723 2887 iniecto
753 2821 927 2887 nabendum
951 2822 1013 2899 est,
1044 2840 1100 2886 neo
1132 2821 1226 2885 etium
1262 2819 1393 2885 aetionis
1414 2836 1481 2901 opo,

239 2924 312 3007 quie
340 2944 399 2990 non
428 2925 526 2991 babeo
559 2926 712 2992 actionem
746 2926 921 3011 requirendi
954 2944 1002 2990 res
1036 2945 1138 2991 meas:
1173 2925 1206 2989 in
1240 2924 1366 3007 poribus
1399 2922 1481 2987 onim

239 3027 404 3113 1111111111)
421 3030 621 3113 turpitudinis
640 3030 739 3114 magis
752 3031 943 3096 roletoaueu
956 3029 1151 3114 possidentis.
1177 3028 1224 3094 nd
1244 3030 1300 3094 boo
1315 3026 1480 3093 dioendnm

239 3132 320 3215 quod
342 3132 472 3198 untionis
493 3152 548 3217 ope
572 3154 625 3216 pro
647 3134 760 3200 infecto
784 3135 924 3212 hebetur,
948 3135 1028 3217 quie.
1043 3134 1185 3217 quamvis
1207 3151 1268 3198 non
1283 3152 1351 3217 ego,
1374 3134 1480 3198 temen

239 3256 296 3301 rerr
317 3237 364 3302 oet
384 3239 480 3320 fiscus
501 3239 647 3321 11911111)
671 3241 774 3321 potest
794 3240 932 3321 repetere
955 3238 994 3303 ab
1017 3258 1071 3317 eo,
1100 3240 1173 3321 quin
1195 3239 1328 3320 turpiter
1352 3237 1480 3319 eooepit.

232 3339 295 3404 111,
315 3340 363 3405 bis
386 3341 528 3407 omuibus
556 3342 659 3425 palum
689 3361 756 3406 esse
785 3344 886 3425 potest
916 3342 1017 3426 legem
1039 3342 1210 3425 predictum
1231 3343 1277 3407 ite
1299 3360 1366 3406 esse
1388 3340 1481 3407 intel·

241 3443 405 3529 ligondum.
453 3445 604 3531 Quicquid
628 3446 665 3512 dt
687 3447 756 3530 lege
781 3446 847 3513 tieri
870 3446 1063 3529 probibente,
1083 3451 1144 3513 ‘non
1167 3447 1266 3512 solum
1290 3466 1343 3531 pro
1366 3444 1480 3523 inutili,

240 3549 411 3616 sedetiam
434 3571 487 3636 pro
509 3551 624 3617 iniecto
648 3536 822 3616 babendum
844 3555 909 3631 eet,
937 3550 1057 3617 eoiiioet
1087 3554 1237 3634 quantum
1268 3552 1307 3615 ad
1338 3550 1396 3615 ius.
1442 3550 1482 3614 111

239 3652 319 3737 quod
342 3655 471 3721 sortitur
494 3655 635 3721 effectum
659 3674 749 3722 suum
773 3656 874 3721 -de
903 3655 970 3721 iure
1000 3656 1117 3721 hebens
1145 3659 1323 3739 perpetuum
1356 3673 1480 3720 oensem

240 3757 454 3840 prohibitionis
476 3760 522 3825 rei
545 3761 666 3844 turpem
686 3778 822 3839 oensem,
846 3764 970 3844 propter
992 3781 1085 3845 quum
1108 3760 1301 3844 prohibitum
1323 3760 1367 3824 sit
1390 3760 1482 3823 -et

239 3862 385 3945 quioquid
409 3882 444 3928 ex
467 3863 572 3930 sorel
595 3865 633 3931 ob
656 3864 687 3928 id
712 3864 830 3933 iactum
854 3865 964 3946 fuerit,
1000 3884 1052 3949 pro
1083 3865 1197 3930 iniecto
1223 3863 1400 3929 babendum
1422 3864 1481 3939 est,

240 3964 289 4030 rel
311 3966 348 4030 de
372 3966 447 4044 iure,
471 3967 668 4034 relectionis
691 3989 756 4053 ope.
797 3972 860 4035 His
881 3971 928 4034 tto
943 3970 1121 4052 prelibatis,
1144 3990 1201 4035 1111
1221 3968 1410 4051 adrumetis,
1430 3969 1479 4032 in·

238 4070 373 4136 tellectum
393 4070 487 4136 troius
509 4071 569 4137 tooi
588 4072 841 4157 meriturus-²).

342 4263 404 4332 216)
424 4262 506 4319 Codr
525 4267 644 4332 repetere

343 4350 406 4421 217)
423 4350 503 4406 Codr
521 4351 602 4407 certis

341 4438 404 4507 218)
424 4438 514 4509 Vergl.
544 4440 661 4511 Fitto'rrp
687 4440 783 4495 Jnrist
812 4440 949 4494 Schriften
980 4438 1027 4494 des
1058 4440 1131 4494 frirh.
1156 4440 1192 4494 u.
1219 4438 1251 4493 A.
1281 4440 1307 4493 S.
1334 4440 1382 4503 111,
1412 4440 1476 4503 21111;

241 4528 357 4581 Corrrnt
376 4524 498 4596 idpitome
517 4527 618 4581 exectis
637 4526 745 4596 regibus
764 4526 947 4588 COLXXXH,
963 4526 1005 4585 61,
1026 4527 1084 4580 lou.

341 4611 420 4681 218⁸)
438 4612 501 4667 bion
521 4611 672 4682 rergIeiohe
683 4612 783 4669 diesen
802 4612 909 4678 discors,
930 4612 1048 4669 1111111111
1065 4612 1112 4669 der
1129 4614 1268 4669 Vorieeeor
1285 4630 1334 4668 uun
1346 4613 1419 4668 einer
1432 4629 1483 4667 un-
