3275 4917
250 250 310 316 170
482 271 613 326 nicoeni.
632 269 726 327 neon.
747 271 778 325 a.
796 270 829 325 r.
848 270 933 327 xrrr.
954 272 983 326 a.
1000 271 1045 326 re.
1064 270 1159 325 arare.
1176 269 1260 325 rese.

246 441 428 525 iustitiaque
463 443 616 520 alienum,
652 442 781 508 formam
813 442 939 506 ineundi
973 442 1162 508 matrimonii
1198 439 1367 507 catholicae
1402 440 1495 525 genti

246 546 462 629 praescribere,
487 546 604 612 centies
625 547 780 611 Ecclesiae
802 546 916 611 iudicio
940 546 1128 613 damnatam.
1168 545 1252 628 Quas
1275 564 1322 611 rea
1345 544 1495 629 coniugia

247 650 373 733 pariunt
399 650 429 714 in
454 670 565 735 genere
589 651 691 727 civili,
716 652 754 717 de
777 652 815 716 iis
839 654 954 717 reetrrm
981 652 1028 716 est
1050 669 1234 735 cognoscere
1257 670 1293 715 ac
1315 650 1493 726 decernere,

247 754 300 837 qui
327 758 473 835 praesunt
492 756 697 839 reipublicae:
728 757 834 820 contra
867 755 904 819 de
935 755 1000 838 ipso
1031 756 1168 820 statuere
1198 753 1335 819 maritali
1359 752 1493 830 vinculo,

248 859 383 925 muneris
408 859 561 925 Ecclesiae
584 863 649 925 est:
680 861 840 943 propterea
871 860 950 943 quod
980 859 1121 925 Christus
1153 858 1304 924 Dominus
1334 877 1400 923 eam
1432 857 1494 922 ilc·

247 964 360 1029 clesiee
383 956 457 1027 snae
479 964 612 1028 contulit
634 965 835 1048 potestatem,
865 984 933 1027 eum
960 964 1082 1047 nuptias
1105 982 1140 1028 ex
1162 962 1263 1029 officio
1285 963 1413 1027 naturae
1435 981 1495 1026 na-

250 1066 401 1151 turalique
431 1069 591 1133 contractu
621 1070 652 1132 in
679 1068 879 1134 Sacramenta
903 1067 1126 1133 transtulisset.
1168 1067 1226 1131 Vix
1249 1068 1353 1132 autem
1376 1066 1496 1132 attinet
1606 1114 1607 1123 ,

248 1170 452 1237 christianum
476 1171 589 1257 dogma
612 1172 764 1237 recordari
787 1172 825 1237 de
854 1173 950 1255 ipsius
977 1171 1098 1243 unitate
1130 1173 1162 1237 et
1189 1171 1395 1254 perpetuitate
1419 1188 1494 1234 con·

251 1276 345 1359 ingii:
368 1276 480 1359 quibus
502 1276 646 1355 sublatis,
668 1276 902 1341 fundamentum
924 1276 1000 1340 illud
1017 1276 1213 1359 praecipuum
1231 1274 1362 1353 tollitur,
1385 1274 1416 1338 in
1432 1292 1495 1357 qno

250 1378 400 1444 familiam
430 1380 650 1465 civitatemque
682 1381 883 1446 christianam
912 1379 1075 1445 restitutor
1097 1398 1133 1444 ac
1157 1378 1309 1463 perfector
1332 1378 1495 1462 utriusque

250 1484 345 1550 desua
368 1485 512 1552 Christus
533 1485 626 1551 iussi
641 1485 816 1552 consistere.
855 1484 913 1550 Cui
935 1484 1059 1568 quidem
1084 1482 1237 1550 voluntati
1260 1482 1393 1560 divinae,
1415 1481 1494 1546 nulli

251 1588 410 1655 hominum
432 1591 506 1655 licet
528 1590 653 1673 impune
674 1607 856 1674 repugnare.

354 1693 402 1759 Ad
427 1694 601 1760 istiusmodi
625 1712 733 1760 cauam
756 1693 914 1760 molestiae
938 1695 1031 1776 atque
1047 1691 1253 1777 aegritudinis
1269 1690 1394 1757 adlatas
1410 1690 1496 1768 ioris,

251 1797 323 1863 illae
343 1800 511 1878 accedunt,
544 1817 623 1882 quae
651 1798 873 1863 circumsident
900 1798 993 1863 domi.
1035 1798 1083 1863 Ne
1105 1815 1325 1881 persequamur
1347 1796 1405 1862 boc
1428 1795 1496 1858 loco

250 1902 409 1985 singulas,
440 1921 535 1968 unum
564 1902 644 1968 illud
673 1903 810 1987 cogitate
840 1902 930 1986 quale
954 1902 1063 1981 luerit,
1095 1901 1265 1967 destinatos
1292 1920 1345 1984 per
1367 1898 1495 1965 Italiam

252 2007 407 2091 episcopos
432 2025 545 2092 magno
568 2026 694 2073 nurnero
717 2007 841 2073 sedibus
863 2008 927 2072 suis
949 2006 1137 2090 prohibitos,
1169 2005 1269 2071 dilata
1298 2004 1330 2070 in
1353 2003 1435 2069 diem
1459 2020 1497 2068 ex

252 2109 302 2175 die
322 2111 498 2177 litterarum
521 2112 778 2197 apostolicarum,
809 2114 845 2177 ut
864 2112 1052 2195 loquuntur,
1082 2108 1269 2177 executione.
1316 2107 1404 2190 Quod
1434 2107 1496 2172 buc

252 2216 342 2299 piane
366 2215 494 2293 recidit,
524 2217 707 2301 intercipere
738 2236 863 2282 cursum
895 2215 1081 2299 apostolicae
1103 2213 1316 2291 auctoritatis,
1346 2211 1496 2296 impedire

252 2318 301 2384 ius
322 2321 479 2403 preprium
503 2339 540 2385 ac
562 2321 701 2386 nativum
725 2322 843 2386 romani
869 2318 1045 2399 Pontificia,
1075 2318 1162 2385 cuius
1185 2318 1323 2402 proiecto
1343 2316 1399 2381 'est
1428 2319 1493 2381 An·

253 2422 369 2489 tistites
396 2442 551 2490 mororum
583 2443 644 2491 non
672 2425 762 2491 modo
792 2424 971 2508 sublegere,
1005 2422 1060 2490 scd
1093 2422 1126 2487 iu
1156 2422 1317 2507 assignata
1351 2419 1495 2497 statione,

253 2528 341 2593 nulla
363 2546 395 2593 re
416 2528 612 2611 impediente,
636 2529 795 2597 collocare.
837 2529 879 2595 llo
903 2528 951 2593 vel
974 2528 1075 2611 magis
1098 2527 1177 2610 qued
1201 2525 1295 2593 Sedes
1318 2524 1498 2608 Apostolice

253 2633 284 2695 in
305 2632 427 2698 delectu
447 2634 658 2717 episcoporum
688 2633 930 2719 exquisitissima
958 2632 1101 2697 adhibita
1131 2630 1311 2715 diligentia,
1342 2629 1496 2695 neminem

253 2736 381 2803 crebere
403 2738 435 2803 id
458 2738 624 2822 dignitatis
646 2739 823 2817 consuerit,
853 2737 927 2821 quin
957 2736 1017 2801 sibi
1038 2734 1134 2802 luerit
1156 2735 1339 2819 integritate
1360 2734 1443 2799 vitae
1466 2734 1498 2798 et

255 2842 346 2907 laude
369 2842 540 2922 doctrinae,
571 2843 725 2928 simulque
756 2861 856 2908 rerum
888 2841 1076 2925 experientia
1107 2842 1139 2905 et
1168 2840 1302 2925 quadam
1325 2837 1411 2904 velut
1432 2856 1497 2903 ma·

252 2945 383 3013 turitate
413 2947 531 3012 consilii
562 2948 729 3031 probatum
765 2968 784 3013 a
816 2946 929 3030 quibus
964 2946 1047 3011 certe
1081 2943 1159 3010 nihil
1192 2944 1285 3009 babet
1316 2942 1497 3027 respublica,

253 3051 333 3135 quod
357 3053 495 3129 metuat3
523 3052 709 3134 plurimum,
731 3050 810 3136 qued
835 3051 983 3135 expectet.
1031 3049 1190 3115 Postremo
1212 3048 1337 3133 quidem
1361 3050 1499 3131 tempore

255 3155 367 3221 iniuria
389 3156 465 3221 iacti
487 3156 526 3222 ab
549 3156 588 3221 iis
608 3156 684 3240 ipsis
708 3155 829 3221 ridetur
851 3154 1032 3233 intellecta,
1063 3154 1116 3238 qni
1138 3152 1296 3228 iecerant;
1326 3170 1397 3216 narn
1421 3168 1499 3235 qnae

255 3262 350 3327 antea
378 3260 562 3341 obstabant,
593 3261 712 3327 remota
742 3260 884 3327 vidimus.
940 3257 1009 3339 Qua
1042 3276 1074 3323 re
1105 3257 1187 3323 haud
1222 3274 1296 3322 sane
1329 3254 1500 3321 diffitemur

256 3382 371 3449 magna
393 3365 457 3431 Nos
483 3364 692 3431 sollicitudine
722 3383 855 3448 curaque
885 3364 1041 3430 liberatos.
1085 3361 1298 3444 Quoniamque
1328 3359 1424 3425 cernel
1453 3360 1501 3424 eat

255 3468 424 3553 aequitatis
447 3470 479 3535 et
500 3468 578 3535 iuris
599 3468 735 3534 admissa
757 3487 831 3547 ner,
858 3467 935 3534 libet
957 3466 1125 3545 confidere,
1156 3466 1242 3531 nulla
1265 3464 1356 3530 huius
1378 3462 1501 3547 generis

257 3573 482 3659 impedimenta
501 3573 629 3657 posthac
651 3573 768 3639 intuta.
792 3610 827 3622 -
857 3572 1050 3655 Quamquam
1066 3571 1093 3637 ai
1108 3570 1203 3637 inerit
1218 3567 1413 3654 Apnsmlime
1428 3565 1501 3633 Sedi

258 3680 316 3745 hac
335 3698 371 3744 er
392 3679 480 3763 parte
499 3679 576 3744 satia
599 3678 726 3759 iactum,
750 3696 809 3743 non
833 3676 945 3742 idcireo
968 3677 1074 3741 tamen
1097 3677 1222 3741 mutata
1245 3671 1411 3740 admodum
1428 3690 1500 3739 cen·

257 3782 353 3850 aenda
387 3782 523 3849 conditio
558 3785 663 3849 nostra
696 3800 859 3866 praesens,
899 3781 1034 3847 Romano
1068 3778 1213 3846 Pontifici
1246 3777 1411 3856 iniuriosa,
1448 3794 1502 3841 nec

257 3888 363 3954 italico
387 3888 545 3953 fortunata
567 3886 690 3972 genem
718 3887 768 3952 oni
790 3886 855 3953 Nos
878 3884 1046 3952 conditioni
1067 3884 1260 3967 acquiescere
1282 3882 1421 3949 uolentes
1444 3898 1501 3946 non

257 3992 409 4060 sanctitas
431 3993 518 4071 iuris,
542 4011 602 4059 non
624 3990 719 4057 cilicii
739 3990 927 4057 conscientia
947 3990 1011 4056 ullo
1035 3987 1122 4055 modo
1146 3988 1273 4073 patitur.
1315 3985 1501 4071 Legitimam

258 4096 418 4183 apostolici
441 4097 576 4163 maneria
598 4096 793 4174 libertatern,
824 4094 971 4179 Sedisque
998 4092 1194 4176 apostolieae
1216 4092 1286 4158 iura
1308 4090 1411 4157 omnia
1433 4089 1500 4155 rin·

258 4202 408 4282 dicamus,
425 4200 592 4287 eodemque
606 4203 712 4267 tenore
727 4200 921 4267 constantiae
937 4199 1022 4265 nullo
1038 4218 1097 4264 non
1115 4199 1254 4282 tempore
1269 4194 1502 4263 vindicabimus.

363 4306 508 4373 Ceterum
531 4306 750 4371 anctoritatem
769 4304 906 4370 muneris
929 4304 1037 4369 Nostri
1059 4302 1192 4386 primum
1213 4302 1350 4367 emnium
1366 4297 1503 4384 postulat

260 4411 408 4477 hodierna
429 4410 479 4475 die
503 4410 649 4477 Ecclesia
672 4409 857 4489 Chaldaica,
885 4408 1029 4474 videlicet
1050 4426 1106 4473 sno
1128 4406 1238 4472 orbata
1262 4402 1443 4470 Patriarcha
1465 4402 1503 4467 ob

258 4515 420 4581 interitum
443 4513 628 4580 venerabilis
649 4514 753 4579 listris
777 4514 862 4579 Petri
887 4512 973 4578 tiliae
992 4510 1173 4591 Obolonian,
1198 4528 1289 4594 quem
1312 4505 1502 4589 Nesmetipsi

261 4619 488 4688 Patriarcbam
518 4618 771 4703 Babylcneascm
795 4617 1027 4686 Chaldaeorum
1057 4616 1116 4681 rite
1147 4614 1221 4680 olim
1253 4613 1284 4678 in
1316 4609 1503 4680 Gorasistorio
