3275 4917
192 247 391 304 Commentar-
401 264 441 303 su
457 248 487 303 P.
502 248 523 301 1.
537 248 590 303 dea
608 246 695 303 θεον.
707 249 766 301 mit
777 247 834 301 der
850 244 936 301 Vorr.
953 248 1149 317 Antiquitatc
1161 250 1191 302 et
1202 250 1293 316 temp.
1356 229 1397 295 85

258 418 306 483 dd
330 438 354 484 o.
376 420 405 486 9.
430 420 467 487 1).
493 420 532 483 19
556 438 583 485 u.
611 416 733 484 »divino
757 420 833 484 nutu
858 436 1021 501 percussus
1043 420 1123 496 est«,
1148 420 1183 483 ul
1202 418 1327 501 quidam
1349 419 1397 484 di·

153 526 230 591 cunt
244 522 316 609 ²⁵⁵),
342 523 487 601 sulmin03
510 522 678 589 secundum
701 522 788 601 alios,
812 521 915 605 lepra,
941 521 1108 587 secundum
1130 523 1216 599 ulios,
1239 523 1272 587 in
1293 523 1398 588 anima

152 630 276 695 butum
301 631 442 713 nemeto,
471 627 545 711 quia
567 626 840 693 excommunicatis
863 626 1113 693 communicavit.
1158 625 1245 708 Quod
1267 628 1396 693 istorum

150 752 258 799 verum
283 733 344 811 sit,
376 732 506 798 dubium
528 732 593 806 est;
624 729 780 813 probabile
803 733 908 795 tameo
936 730 1043 813 (Codr
1068 728 1208 815 motum)
1229 732 1293 809 est,
1315 730 1395 815 quod

150 837 248 901 etiarn
272 837 303 901 in
327 854 452 920 corpore
474 854 636 919 percussus
658 833 710 901 eit.

258 958 339 1025 Dist.
364 958 404 1023 21
428 957 526 1042 princ.

151 1128 316 1149 ......
347 1080 407 1147 Est
436 1087 537 1147 umero
558 1081 790 1147 tractarenon
811 1080 852 1147 ab
873 1080 929 1146 boc
951 1081 1015 1146 loco
1035 1102 1131 1163 usque
1153 1081 1197 1146 od
1222 1098 1336 1146 masas
1358 1080 1397 1146 de

148 1185 269 1265 ordine,
293 1184 364 1267 quia
388 1204 483 1269 usque
506 1185 545 1250 ad
564 1184 654 1250 illurn
675 1184 775 1250 locum
797 1184 880 1267 Mag.
896 1184 986 1252 (irat.
1011 1184 1057 1249 vel
1075 1184 1212 1268 loquitur
1226 1184 1264 1249 de
1279 1183 1394 1263 ordine,

151 1286 200 1353 vel
222 1288 260 1353 de
282 1288 452 1366 ordinante,
476 1289 524 1355 uel
547 1289 585 1353 de
607 1287 757 1367 ordinato,
779 1288 828 1353 uel
851 1287 889 1353 de
911 1287 1089 1365 ordinando,
1115 1288 1163 1354 uel
1188 1288 1224 1352 de
1250 1288 1314 1366 hie,
1338 1308 1396 1371 que

148 1390 189 1457 ad
212 1391 331 1476 aliquid
354 1393 483 1457 istorum
506 1393 672 1476 pertinent.
714 1391 795 1473 Quid
816 1394 920 1457 autem
943 1391 985 1457 sit
1008 1392 1090 1471 ordo,
1113 1391 1240 1457 diiiicilc
1263 1393 1295 1457 et
1317 1392 1395 1456 lorbe

149 1495 399 1579 inpossibile‘est
421 1496 583 1581 explicare.
616 1496 733 1562 Tamen
757 1494 935 1582 dicitur²⁶⁰)
959 1514 1025 1562 esse
1047 1496 1241 1580 signaculum
1268 1496 1316 1560 vel
1340 1514 1392 1561 oa·

150 1600 253 1665 racter
275 1601 295 1667 i.
319 1620 345 1668 e.
367 1600 521 1685 quoddam
545 1603 697 1667 secretum
722 1653 729 1668 .
754 1650 760 1665 .
786 1651 793 1667 .
819 1652 825 1665 .
857 1600 950 1685 (lolgb
977 1600 1027 1665 die
1052 1600 1229 1685 blrkltrung
1252 1598 1393 1683 Rudn's),

149 1704 232 1769 sicut
254 1705 326 1770 ordo
349 1705 494 1771 militaris
516 1705 730 1789 signaculum,
760 1724 820 1788 quo
850 1704 1018 1789 insignitur
1048 1705 1100 1788 qui
1132 1704 1221 1769 miles
1247 1703 1393 1769 efficitur.

149 1858 158 1874 .
186 1858 194 1871 .
220 1858 226 1871 .
252 1858 258 1873 .
284 1810 440 1875 lnemnter
462 1827 549 1890 uero,
572 1809 646 1894 quid
667 1810 723 1888 sit,
754 1810 894 1893 querenti
923 1808 1060 1887 dicatur,
1091 1807 1171 1892 quod
1193 1808 1236 1873 sit
1258 1807 1393 1890 qualitas

149 1912 281 1996 quedam
305 1932 440 1997 persone.

257 2034 453 2120 ›Ergo¹⁶¹)‹.
477 2035 561 2121 Mag.
586 2034 755 2101 Gratianus
777 2032 836 2117 [cf.
861 2032 929 2101 init.
954 2033 1028 2101 dict.
1048 2032 1138 2117 pel]
1161 2032 1247 2116 ponit
1267 2031 1391 2098 breuem

148 2138 359 2223 predictorum
381 2140 548 2226 epilogum,
570 2141 604 2206 ub
627 2140 852 2223 competentius
874 2138 1001 2204 accedet
1016 2138 1055 2203 ad
1071 2136 1219 2213 dicenda;
1241 2158 1313 2221 ergo
1328 2135 1392 2202 bule

148 2246 209 2323 est,
232 2244 323 2328 quale
346 2245 425 2311 solet
447 2264 513 2311 esse
536 2245 567 2311 io
589 2243 792 2331 epilogum).

255 2364 333 2431 ibid.
357 2366 429 2433 dict.
453 2367 542 2435 Grai.
564 2385 609 2451 ps.
633 2367 657 2431 l.
681 2367 709 2451 ᾗ.
734 2367 763 2433 2.
789 2366 828 2431 ad
854 2386 880 2430 u.
908 2365 981 2430 »elii
1002 2363 1227 2449 corepiscopis:
1255 2363 1309 2446 qui
1332 2363 1391 2427 mi·

149 2488 239 2534 nores
270 2472 396 2553 possunt
419 2470 491 2537 dare
513 2471 630 2557 gradus
654 2472 748 2555 usquc
771 2470 809 2535 ad
832 2470 1107 2547 subdiaconatum,
1129 2488 1188 2533 non
1212 2468 1305 2533 ultra.
1351 2468 1391 2532 nt

149 2572 264 2638 dicitur
297 2574 399 2641 adbuc
429 2574 521 2641 hodie
550 2576 607 2642 boc
638 2574 776 2659 dignitas
808 2594 874 2640 esse
902 2574 934 2639 in
965 2573 1149 2657 quibusdam
1176 2571 1390 2653 ecclesiisffl).

148 2677 215 2743 Nec
245 2678 352 2745 credat
381 2681 486 2745 tumen
516 2676 651 2768 [uliquis]
682 2699 767 2757 eum,
797 2679 851 2762 qui
883 2678 1007 2744 Colonia
1031 2678 1242 2759 corepiscopus
1266 2675 1390 2755 dicitur,

149 2781 229 2847 beno
252 2782 363 2848 babere
384 2784 570 2869 dignitatem
586 2783 651 2869 ²⁶⁰).

255 2903 303 2968 dd
327 2924 352 2970 c.
380 2905 407 2971 1.
430 2905 469 2973 D.
493 2906 532 2971 21
557 2926 585 2974 u.
608 2904 755 2971 Sacerdos
778 2905 882 2969 autem
905 2921 1017 2969 nomen
1039 2902 1133 2967 babet
1147 2900 1340 2984 conpositum
1356 2918 1392 2964 ex

144 3132 281 3189 ecbeiden.
317 3133 403 3189 Unter
419 3135 481 3190 dem
500 3134 621 3189 »Primos
637 3132 747 3204 liugos,
776 3134 866 3201 Jenern
890 3130 1048 3187 Erebiscbol
1071 3146 1121 3185 ron
1143 3130 1269 3193 Rbeinus,
1296 3128 1390 3184 dassen

145 3218 212 3274 nbel
227 3218 434 3277 beleumundebe
452 3223 667 3278 Persdnlichlreit
688 3222 732 3277 die
755 3222 832 3277 idolio
855 3221 901 3276 des
923 3219 1152 3275 (iescbichtcbcns
1179 3217 1291 3280 durior,
1318 3216 1389 3271 kann

144 3322 198 3360 nur
217 3306 296 3376 lingo
312 3324 364 3363 uon
383 3310 558 3365 vermandois
577 3310 698 3380 gemeinb
716 3310 789 3373 scin,
817 3308 930 3365 welcber
955 3308 1024 3362 noch
1052 3306 1094 3362 uls
1113 3305 1207 3360 Knsbe
1226 3304 1274 3359 der
1293 3303 1390 3358 Kirche

144 3408 198 3446 von
215 3392 327 3451 Rheinus
344 3396 570 3467 gewsltthdbiger
588 3396 675 3452 Weise
691 3395 891 3465 snlgedrbngt,
916 3393 1024 3449 endlicb
1040 3394 1078 3448 irn
1096 3393 1180 3448 dabre
1199 3392 1250 3447 948
1273 3407 1324 3444 uon
1341 3390 1390 3445 der

142 3478 329 3547 lugalbeimer
348 3480 453 3550 Synode
471 3482 518 3537 des
536 3481 711 3537 Pontificates
729 3484 849 3537 entsetnt
866 3481 919 3536 und
938 3479 1156 3536 excommunicirt
1173 3478 1272 3533 warde.

251 3566 314 3635 255)
331 3566 411 3621 Rufio
428 3568 482 3623 und
502 3568 622 3638 Stephan
642 3568 731 3623 lescen
749 3568 806 3623 sich
819 3569 848 3621 in
860 3568 919 3623 eine
933 3567 1087 3623 Diseussion
1100 3567 1177 3636 jener
1189 3564 1388 3634 llrnthlungen.

143 3651 247 3707 welche
264 3652 316 3708 den
336 3654 447 3709 Berioht
466 3653 512 3709 des
530 3653 679 3711 romischen
696 3656 775 3711 Liber
788 3654 956 3710 Pontificulis
973 3656 1106 3723 erginren
1117 3650 1223 3716 vollen,
1241 3651 1319 3706 nicht
1337 3651 1389 3706 ein.

251 3740 313 3809 256)
332 3740 423 3810 Vergl.
443 3740 486 3796 die
505 3741 616 3797 Summe
631 3742 723 3797 Rufini
741 3741 776 3796 sd
795 3742 820 3795 h.
839 3742 857 3796 1.

250 3826 312 3888 251)
332 3826 414 3883 (lodo
431 3828 522 3897 Igitur

250 3912 312 3982 258)
329 3913 422 3985 Vergl.
441 3914 510 3970 oben
529 3914 556 3971 S.
576 3915 617 3971 73.

250 4000 312 4069 259)
331 4001 372 4057 Ob
392 4002 461 4057 wohl
480 4003 540 4058 dem
560 4004 646 4057 dntor
664 4002 783 4057 bekannt
801 4018 924 4072 genesen
942 4002 994 4067 ist,
1019 4000 1081 4055 dass
1102 4018 1130 4055 es
1150 3999 1255 4056 damme
1273 4000 1342 4054 noch
1359 3999 1388 4053 in

142 4085 239 4141 irland
254 4085 445 4143 Chorbiscbble
463 4089 525 4159 gab,
544 4088 598 4144 und
617 4090 679 4145 dass
697 4089 740 4144 dis
758 4089 794 4143 in
814 4090 840 4146 J.
854 4090 922 4144 1152
939 4089 989 4143 sul
999 4088 1073 4143 einer
1086 4086 1389 4157 Synodebeschlosrerre

141 4172 330 4245 Abscbeffung
349 4173 486 4230 desselben
506 4176 573 4231 noch
593 4176 668 4231 nieht
686 4174 884 4245 durchgerunrt
901 4176 976 4229 wer?

249 4262 311 4330 260)
330 4262 362 4316 ln
382 4262 449 4317 culn
469 4264 519 4317 wie
534 4263 562 4317 in
580 4263 718 4318 einzelnen
737 4265 854 4319 anderen
872 4264 1001 4319 Didcesen
1024 4262 1115 4318 warde
1138 4261 1185 4317 der
1205 4262 1306 4318 Csntm
1325 4262 1389 4317 eder

141 4350 306 4405 Praecentor
328 4350 355 4403 in
377 4350 427 4404 don
448 4348 573 4419 Capitale
595 4350 664 4404 wohl
691 4351 760 4406 auch
788 4352 1046 4421 ›cdoriepiscopus‹
1074 4353 1209 4421 genennt;
1238 4348 1324 4419 rergl.
1344 4348 1388 4402 die

143 4434 278 4505 Reispiele
296 4452 344 4491 aus
362 4436 508 4491 Urlrunden
527 4437 573 4492 des
592 4436 656 4492 1111.
672 4437 726 4493 und
747 4437 824 4493 XIII.
840 4438 937 4493 Jahrb.
955 4437 998 4493 bei
1014 4438 1178 4492 Hirrscbe'us
1192 4434 1387 4490 Kircheorecht

139 4521 180 4587 11,
198 4522 241 4577 92.
268 4521 350 4579 Sonat
368 4524 475 4580 worden
495 4524 599 4580 demals
616 4524 753 4581 bisneilen
771 4526 840 4581 aucb
859 4525 903 4581 die
920 4524 1132 4581 drobidiacuuen
1144 4524 1185 4579 als
1196 4519 1388 4581 Oborbiscbdle

139 4610 308 4675 bezeichneb,
327 4628 348 4666 s.
368 4612 534 4668 Hirrscbe'res
552 4628 577 4667 a.
595 4627 620 4666 a.
638 4610 669 4667 0.
691 4612 748 4669 169.
