3275 4917
248 217 312 285 432
491 231 633 304 Quados
651 230 837 289 dioecesana
858 230 1093 301 Arpentr‘secnric
1112 249 1140 286 u.
1162 227 1243 287 1894.

248 408 389 493 pulcrum
412 422 568 472 sacrarum
599 402 818 489 reliquiarum,
852 402 934 488 qnod
957 402 989 469 in
1012 403 1119 489 stipite
1141 402 1223 489 ipso,
1257 404 1312 469 nub
1337 402 1441 487 polius
1462 402 1501 467 in

249 511 351 579 media
372 529 479 577 mensa
501 508 616 576 fossula
638 508 796 591 insculpta
819 508 970 573 lormetur
992 508 1043 593 (ll.
1069 507 1113 575 M.
1138 508 1151 573 Ι
1178 507 1262 593 157).

354 614 531 683 carendum
554 614 621 690 est,
645 632 683 678 ne
705 631 760 677 ara
781 614 961 679 consecrata
983 614 1049 679 tarn
1076 611 1187 697 exigua
1210 612 1268 690 sil,
1297 614 1333 677 ut
1353 610 1500 687 calicem,

248 722 394 807 patenam
426 717 637 802 ciboriumque
664 734 774 800 capere
803 720 944 801 nequeat.
992 716 1100 783 ditare
1125 716 1238 783 mobile
1268 734 1321 783 seu
1349 715 1502 799 portatile

249 827 295 892 ita
317 824 443 891 tabulae
463 821 602 907 lapideae
621 822 677 886 aut
696 820 818 906 ligneae
835 820 1033 887 inserendum
1050 822 1106 901 est,
1128 823 1163 886 ιιι
1180 839 1199 886 a
1214 820 1353 905 margine
1369 838 1502 886 mensae

249 930 341 1015 paulo
362 927 460 994 distet
479 946 497 992 a
521 925 612 992 tacile
633 924 704 991 inde
726 924 819 991 lerari
846 924 951 1010 possit.

353 1034 391 1099 ln
412 1030 550 1117 quolibet
570 1030 664 1096 altari
685 1029 749 1096 sint
772 1049 902 1115 mappae
922 1032 1001 1109 tres,
1033 1049 1068 1097 ex
1098 1030 1162 1097 lino
1186 1032 1233 1097 rel
1260 1030 1397 1097 cannabo
1421 1048 1501 1095 con-

248 1141 347 1207 iectae
369 1139 402 1204 et
422 1155 543 1221 semper
565 1135 699 1201 mundae
726 1134 779 1219 (ll.
803 1136 844 1201 bl.
866 1134 881 1201 l
906 1136 992 1221 158).

352 1242 439 1326 Quae
465 1241 548 1307 inter
577 1240 763 1307 candelabre
789 1240 956 1308 collocatur
979 1240 1096 1308 Christi
1120 1239 1245 1307 Domini
1268 1260 1284 1307 e
1306 1258 1396 1305 cruce
1418 1258 1499 1324 pen·

248 1347 351 1415 dentis
372 1345 504 1432 effigies,
526 1364 564 1411 ne
586 1346 630 1411 sit
644 1344 737 1411 nimis
753 1364 857 1429 parra,
881 1345 934 1411 sed
950 1346 1116 1430 repondeat
1132 1346 1319 1429 praescripto
1335 1344 1496 1427 liturgico,

248 1452 329 1538 quod
352 1452 536 1519 eminentem
559 1450 694 1517 crucifixi
719 1450 886 1534 imaginem
910 1450 1016 1535 exigit,
1040 1470 1119 1535 quae
1141 1452 1173 1517 eb
1195 1470 1213 1515 a
1236 1450 1410 1515 celebrante
1425 1452 1461 1515 et
1476 1468 1498 1513 a
1622 1468 1623 1493 ³

249 1557 359 1643 populo
379 1555 470 1622 lacile
489 1558 523 1621 et
545 1555 703 1621 commode
725 1554 943 1638 conspicietur.

352 1660 506 1745 Spatium,
527 1659 608 1743 quod
632 1660 689 1725 sub
713 1659 866 1725 altaribus
890 1678 1019 1725 vacuum
1044 1658 1208 1743 reperitur,
1234 1678 1271 1724 ne
1290 1677 1343 1742 pro
1359 1658 1496 1724 armario

249 1766 410 1845 habeatur,
435 1763 467 1830 in
491 1782 551 1847 quo
575 1782 623 1829 res
645 1763 757 1841 neriae,
782 1765 818 1829 ιιι
840 1763 939 1841 flores,
963 1764 1083 1847 reliqua
1106 1781 1274 1841 cereorum,
1296 1763 1397 1829 oleum
1413 1762 1493 1827 lam·

249 1870 380 1956 padum
411 1869 559 1935 carbones
583 1871 642 1935 etc.
674 1867 885 1937 includuntur.
930 1866 1087 1953 Quidquid
1112 1868 1343 1934 irreverentiam
1365 1866 1495 1944 redolet,

249 1976 321 2042 inde
343 1970 541 2041 auferendum
563 1974 611 2040 est
632 1973 728 2057 (Metu
751 1972 818 2051 97).

351 2077 409 2149 Ma
431 2077 689 2155 Tabernaoulum,
712 2078 744 2142 in
767 2095 828 2161 quo
850 2078 1026 2143 mereatur
1048 2074 1266 2143 sacratissima
1285 2074 1493 2152 Eucharistia,

250 2184 293 2251 eit
314 2203 369 2269 pro
392 2181 633 2266 uniuscujusque
653 2182 803 2248 ecclesiae
827 2181 1030 2247 facultatibus
1053 2181 1243 2250 extrinsecus
1257 2180 1373 2247 affabre
1387 2180 1494 2245 elabo-

250 2290 352 2354 ratum
376 2288 592 2365 stornatum,
615 2286 699 2351 intus
722 2306 791 2351 vero
816 2305 915 2369 panrro
945 2285 1041 2351 serico
1063 2286 1126 2351 albi
1149 2286 1259 2351 coloris
1282 2284 1495 2351 circumvesti-

249 2398 329 2458 tum.
374 2391 539 2475 Corporale
560 2391 592 2455 in
616 2408 652 2455 eo
671 2393 829 2455 sternatur
848 2390 1009 2467 mundum,
1032 2390 1112 2474 quod
1130 2409 1347 2474 rroonrrnquam
1366 2390 1398 2455 in
1413 2406 1494 2454 anno

249 2500 397 2564 mutetur.
444 2496 571 2562 Praeter
594 2514 677 2572 rasa,
701 2514 782 2579 qnae
802 2494 1043 2561 sanctissimum
1067 2494 1300 2561 Sacramentum
1324 2494 1493 2571 continent,

249 2601 370 2669 nullum
393 2600 498 2679 aliud,
528 2618 565 2665 ue
585 2600 686 2683 ipsum
709 2600 914 2667 ostensoriurn
937 2600 1080 2684 quidem,
1111 2599 1170 2665 nisi
1200 2597 1325 2665 Sacram
1349 2599 1493 2665 Hostiam

249 2705 408 2783 includat,
439 2705 471 2771 ιιι
505 2705 706 2771 tabernaculo
741 2705 844 2787 reponi
877 2704 961 2769 licet.
1009 2703 1110 2788 Supra
1146 2704 1380 2769 tabernaculum
1413 2702 1494 2769 nibil

251 2815 371 2896 praeter
400 2828 520 2875 crucem
553 2810 608 2873 aul
641 2808 860 2874 baldachinum
893 2808 1095 2875 Sanctissimo
1125 2808 1300 2892 exponendo
1325 2806 1495 2873 inserviens

249 2914 392 2983 collocari
427 2915 544 2997 potest,
574 2932 629 2979 nec
659 2913 830 2999 imagines,
864 2932 920 2977 nec
952 2913 1152 2991 candelabra,
1183 2932 1239 2979 nec
1269 2931 1343 2979 rasa
1366 2912 1495 2977 floribus

249 3021 379 3099 onusta,
410 3036 465 3084 neo
493 3018 626 3102 denique
654 3017 817 3103 reliquiae,
846 3018 1067 3102 cujuscumque
1095 3020 1167 3083 sunt
1189 3018 1364 3102 dignitatis.
1410 3016 1493 3081 ltem

250 3144 309 3191 non
332 3122 493 3190 terendum
514 3123 572 3201 est,
599 3121 677 3187 talia
699 3123 772 3189 ante
793 3121 862 3205 ejus
884 3122 1028 3189 ostiolum
1052 3121 1181 3207 disponi.

354 3228 436 3294 Ante
457 3226 692 3292 tabernaculum
716 3245 822 3293 mensa
841 3227 952 3293 altaris
978 3245 1015 3293 ne
1036 3225 1078 3292 eit
1094 3226 1186 3291 nimie
1200 3226 1275 3305 laba,
1300 3230 1335 3292 ιιι
1350 3225 1496 3291 sacerdos

250 3332 341 3399 facile
371 3350 408 3399 ac
437 3332 612 3398 reverenter
641 3329 880 3397 sanctissimum
911 3330 1106 3397 introducere
1137 3332 1170 3396 et
1195 3331 1355 3397 exbalasse
1379 3330 1494 3414 possib;

250 3457 326 3504 nere
348 3439 452 3503 ιιιιιιοιι
471 3437 641 3521 angustior,
666 3436 701 3501 ιιι
716 3435 872 3518 corporale
888 3436 1103 3501 convenienter
1119 3434 1241 3501 extendi
1257 3438 1358 3519 queat
1383 3434 1495 3501 Clarae

250 3542 355 3608 adsint
376 3542 540 3609 execratae
562 3542 621 3605 aut
641 3541 825 3623 argentatae
852 3539 962 3607 saltem
985 3539 1079 3618 duae,
1111 3558 1149 3605 ne
1180 3559 1239 3605 una
1271 3538 1385 3605 amissa
1412 3538 1494 3604 fabri
1622 3594 1623 3597 ,

250 3646 370 3714 terrarii
393 3664 518 3712 manum
544 3644 682 3711 adbiberi
707 3662 783 3728 opus
801 3643 845 3709 eit
867 3644 905 3708 ad
924 3643 1158 3709 tabernaculum
1175 3643 1390 3727 aperiendum:
1414 3662 1494 3727 quae

250 3751 352 3818 clares
373 3768 495 3833 semper
514 3767 533 3813 a
554 3748 686 3832 paroobo
710 3747 758 3813 nel
778 3749 895 3814 rectore
918 3748 1067 3815 ecclesiae
1087 3748 1302 3816 custodientur
1323 3746 1493 3830 (oron-m.

253 3854 338 3921 1884
358 3854 389 3921 S.
415 3853 502 3933 174).
1622 3912 1623 3921 ,

353 3956 409 4030 46.
443 3958 665 4043 baptisterium
692 3957 792 4023 locum
815 3976 906 4023 enum
931 3959 1025 4023 babet
1057 3978 1147 4043 prope
1175 3952 1304 4043 januam
1327 3958 1493 4025 maximam
1622 4030 1623 4037 ἵ

250 4063 369 4148 ternpli,
392 4062 431 4130 ed
453 4062 611 4129 sinistram
632 4062 889 4146 ingredientium,
914 4061 944 4128 id
968 4066 1031 4143 est,
1055 4064 1093 4128 ad
1117 4065 1201 4130 latus
1225 4064 1387 4147 evangelli.
1431 4060 1494 4128 Ou-

251 4167 382 4234 randum
405 4169 526 4245 temen,
555 4184 595 4231 no
623 4183 683 4249 quo
711 4166 793 4231 venti
818 4166 927 4233 alflatu
952 4166 1094 4234 valetudo
1118 4166 1370 4251 baptizandorum
1394 4165 1437 4230 ibi
1460 4163 1492 4229 in

252 4271 421 4355 pericnlum
455 4269 636 4337 adducatur.
700 4270 939 4354 baptisterium,
979 4291 1048 4337 cum
1087 4272 1153 4337 lieri
1188 4273 1303 4355 polest,
1347 4270 1494 4338 cancellis

250 4376 387 4443 claustro
410 4376 538 4443 munitis
560 4374 603 4440 eit
628 4374 886 4459 circumseptum,
918 4394 1014 4460 neque
1045 4395 1186 4443 accessus
1217 4379 1340 4461 pateat,
1371 4377 1430 4442 uisi
1461 4376 1494 4441 in

252 4481 405 4565 baptismo
428 4478 641 4546 ministrando.
679 4479 901 4545 Deficientibus
923 4483 1070 4548 cancellis
1090 4502 1125 4548 eo
1147 4482 1247 4566 magis
1269 4482 1390 4565 oportet
1404 4498 1492 4563 oper-

250 4585 353 4651 culum
377 4582 551 4667 baptisterii
574 4583 709 4648 clauslro
732 4584 896 4666 munitum,
920 4588 1047 4669 excepta
1067 4587 1143 4653 bora
1163 4585 1319 4671 baptismi,
1343 4585 1490 4651 obserari.
