<?xml version="1.0" encoding="UTF-8"?>
<!DOCTYPE html PUBLIC "-//W3C//DTD XHTML 1.0 Transitional//EN"
    "http://www.w3.org/TR/xhtml1/DTD/xhtml1-transitional.dtd">
<html xmlns="http://www.w3.org/1999/xhtml" xml:lang="en" lang="en">
 <head>
  <title>
</title>
<meta http-equiv="Content-Type" content="text/html;charset=utf-8" />
  <meta name='ocr-system' content='tesseract 3.04.00' />
  <meta name='ocr-capabilities' content='ocr_page ocr_carea ocr_par ocr_line ocrx_word'/>
</head>
<body>
  <div class='ocr_page' id='page_1' title='image "./archivfrkatholi26jurigoog/archivfrkatholi26jurigoog_0452.png"; bbox 0 0 3275 4917; ppageno 0'>
   <div class='ocr_carea' id='block_1_1' title="bbox 14 4651 17 4692">
    <p class='ocr_par' dir='ltr' id='par_1_1' title="bbox 14 4651 17 4692">
     <span class='ocr_line' id='line_1_1' title="bbox 14 4651 17 4692; baseline 0 0"><span class='ocrx_word' id='word_1_1' title='bbox 14 4651 17 4692; x_wconf 82' lang='lat' dir='ltr'>i</span> 
     </span>
    </p>
   </div>
   <div class='ocr_carea' id='block_1_2' title="bbox 14 4769 20 4890">
    <p class='ocr_par' dir='ltr' id='par_1_2' title="bbox 14 4769 20 4890">
     <span class='ocr_line' id='line_1_2' title="bbox 14 4769 20 4890; baseline 0 0"><span class='ocrx_word' id='word_1_2' title='bbox 14 4769 20 4890; x_wconf 82' lang='lat' dir='ltr'>i</span> 
     </span>
    </p>
   </div>
   <div class='ocr_carea' id='block_1_3' title="bbox 392 234 1391 322">
    <p class='ocr_par' dir='ltr' id='par_1_3' title="bbox 392 234 1391 322">
     <span class='ocr_line' id='line_1_3' title="bbox 392 234 1391 322; baseline -0.01 -14"><span class='ocrx_word' id='word_1_3' title='bbox 392 253 535 321; x_wconf 56' lang='lat' dir='ltr'>&amp;nodus</span> <span class='ocrx_word' id='word_1_4' title='bbox 553 253 738 308; x_wconf 80' lang='lat' dir='ltr'>dioeceeono</span> <span class='ocrx_word' id='word_1_5' title='bbox 757 250 995 322; x_wconf 75' lang='lat' dir='ltr'>Arpcntinenetr</span> <span class='ocrx_word' id='word_1_6' title='bbox 1012 268 1040 307; x_wconf 87' lang='grc' dir='ltr'>α.</span> <span class='ocrx_word' id='word_1_7' title='bbox 1062 251 1144 307; x_wconf 76' lang='grc'><strong>1894.</strong></span> <span class='ocrx_word' id='word_1_8' title='bbox 1327 234 1391 299; x_wconf 75' lang='grc'>447</span> 
     </span>
    </p>
   </div>
   <div class='ocr_carea' id='block_1_4' title="bbox 151 421 1392 613">
    <p class='ocr_par' dir='ltr' id='par_1_4' title="bbox 151 421 1392 613">
     <span class='ocr_line' id='line_1_4' title="bbox 252 421 1392 507; baseline 0 -16"><span class='ocrx_word' id='word_1_9' title='bbox 252 421 328 491; x_wconf 85' lang='grc'><strong>120.</strong></span> <span class='ocrx_word' id='word_1_10' title='bbox 349 421 504 488; x_wconf 81' lang='lat' dir='ltr'>Cononem</span> <span class='ocrx_word' id='word_1_11' title='bbox 527 422 737 487; x_wconf 73' lang='lat' dir='ltr'><strong>sanctionibus</strong></span> <span class='ocrx_word' id='word_1_12' title='bbox 759 423 955 491; x_wconf 73' lang='lat' dir='ltr'><strong>inhaerentes</strong></span> <span class='ocrx_word' id='word_1_13' title='bbox 969 423 1154 493; x_wconf 87' lang='lat' dir='ltr'>nominatim</span> <span class='ocrx_word' id='word_1_14' title='bbox 1170 424 1392 507; x_wconf 72' lang='lat' dir='ltr'>interdicimus,</span> 
     </span>
     <span class='ocr_line' id='line_1_5' title="bbox 151 526 1283 613; baseline 0.004 -21"><span class='ocrx_word' id='word_1_15' title='bbox 151 527 311 593; x_wconf 87' lang='lat' dir='ltr'>neoterici</span> <span class='ocrx_word' id='word_1_16' title='bbox 336 527 427 611; x_wconf 88' lang='lat' dir='ltr'>hujus</span> <span class='ocrx_word' id='word_1_17' title='bbox 449 526 597 591; x_wconf 86' lang='lat' dir='ltr'>dioecesis</span> <span class='ocrx_word' id='word_1_18' title='bbox 620 526 805 593; x_wconf 81' lang='lat' dir='ltr'>medicinam</span> <span class='ocrx_word' id='word_1_19' title='bbox 828 528 876 593; x_wconf 86' lang='lat' dir='ltr'>uei</span> <span class='ocrx_word' id='word_1_20' title='bbox 899 528 1088 613; x_wconf 80' lang='lat' dir='ltr'>chirurgiam</span> <span class='ocrx_word' id='word_1_21' title='bbox 1112 532 1283 597; x_wconf 85' lang='lat' dir='ltr'>exerceant.</span> 
     </span>
    </p>
   </div>
   <div class='ocr_carea' id='block_1_5' title="bbox 481 674 1059 757">
    <p class='ocr_par' dir='ltr' id='par_1_5' title="bbox 481 674 1059 757">
     <span class='ocr_line' id='line_1_6' title="bbox 481 674 1059 757; baseline 0.003 -16"><span class='ocrx_word' id='word_1_22' title='bbox 481 675 558 757; x_wconf 78' lang='lat' dir='ltr'>Gap.</span> <span class='ocrx_word' id='word_1_23' title='bbox 583 675 652 740; x_wconf 88' lang='lat'><em>111.</em></span> <span class='ocrx_word' id='word_1_24' title='bbox 691 674 738 741; x_wconf 87' lang='lat' dir='ltr'>De</span> <span class='ocrx_word' id='word_1_25' title='bbox 760 677 850 743; x_wconf 81' lang='lat' dir='ltr'>domo</span> <span class='ocrx_word' id='word_1_26' title='bbox 870 677 1059 757; x_wconf 78' lang='lat' dir='ltr'>parochiali.</span> 
     </span>
    </p>
   </div>
   <div class='ocr_carea' id='block_1_6' title="bbox 150 796 1395 1303">
    <p class='ocr_par' dir='ltr' id='par_1_6' title="bbox 150 796 1395 1303">
     <span class='ocr_line' id='line_1_7' title="bbox 254 796 1393 883; baseline 0.002 -18"><span class='ocrx_word' id='word_1_27' title='bbox 254 796 324 865; x_wconf 93' lang='grc'><strong>121.</strong></span> <span class='ocrx_word' id='word_1_28' title='bbox 358 796 455 862; x_wconf 81' lang='lat' dir='ltr'>Juxta</span> <span class='ocrx_word' id='word_1_29' title='bbox 479 798 668 879; x_wconf 85' lang='lat' dir='ltr'>praescripta</span> <span class='ocrx_word' id='word_1_30' title='bbox 690 798 837 863; x_wconf 89' lang='lat' dir='ltr'>canonica</span> <span class='ocrx_word' id='word_1_31' title='bbox 864 800 921 863; x_wconf 88' lang='lat' dir='ltr'>sub</span> <span class='ocrx_word' id='word_1_32' title='bbox 946 818 1042 881; x_wconf 89' lang='lat' dir='ltr'>poena</span> <span class='ocrx_word' id='word_1_33' title='bbox 1060 800 1267 883; x_wconf 83' lang='lat' dir='ltr'>suspensionis</span> <span class='ocrx_word' id='word_1_34' title='bbox 1290 801 1393 883; x_wconf 89' lang='lat' dir='ltr'>prohi-</span> 
     </span>
     <span class='ocr_line' id='line_1_8' title="bbox 151 902 1393 989; baseline 0.002 -23"><span class='ocrx_word' id='word_1_35' title='bbox 151 904 273 979; x_wconf 81' lang='lat' dir='ltr'>bemus,</span> <span class='ocrx_word' id='word_1_36' title='bbox 305 921 342 966; x_wconf 90' lang='lat' dir='ltr'>ne</span> <span class='ocrx_word' id='word_1_37' title='bbox 366 903 535 985; x_wconf 84' lang='lat' dir='ltr'>presbyteri</span> <span class='ocrx_word' id='word_1_38' title='bbox 559 902 616 965; x_wconf 89' lang='lat' dir='ltr'>uili</span> <span class='ocrx_word' id='word_1_39' title='bbox 639 903 669 965; x_wconf 92' lang='lat' dir='ltr'>in</span> <span class='ocrx_word' id='word_1_40' title='bbox 690 902 754 966; x_wconf 86' lang='lat' dir='ltr'>suis</span> <span class='ocrx_word' id='word_1_41' title='bbox 776 903 904 967; x_wconf 86' lang='lat' dir='ltr'>aedibus</span> <span class='ocrx_word' id='word_1_42' title='bbox 924 902 1089 967; x_wconf 84' lang='lat' dir='ltr'>famulatui</span> <span class='ocrx_word' id='word_1_43' title='bbox 1102 903 1126 989; x_wconf 92' lang='lat'>¹)</span> <span class='ocrx_word' id='word_1_44' title='bbox 1156 905 1323 970; x_wconf 88' lang='lat' dir='ltr'>adstrictas</span> <span class='ocrx_word' id='word_1_45' title='bbox 1347 924 1393 969; x_wconf 92' lang='lat' dir='ltr'>re·</span> 
     </span>
     <span class='ocr_line' id='line_1_9' title="bbox 150 1007 1393 1091; baseline 0.005 -21"><span class='ocrx_word' id='word_1_46' title='bbox 150 1007 273 1071; x_wconf 86' lang='lat' dir='ltr'>tineent</span> <span class='ocrx_word' id='word_1_47' title='bbox 295 1007 438 1085; x_wconf 78' lang='lat' dir='ltr'>feminas,</span> <span class='ocrx_word' id='word_1_48' title='bbox 466 1025 545 1090; x_wconf 91' lang='lat' dir='ltr'>quae</span> <span class='ocrx_word' id='word_1_49' title='bbox 574 1007 612 1071; x_wconf 86' lang='lat' dir='ltr'>ad</span> <span class='ocrx_word' id='word_1_50' title='bbox 640 1008 914 1091; x_wconf 81' lang='lat' dir='ltr'>quadragesimum</span> <span class='ocrx_word' id='word_1_51' title='bbox 938 1028 1010 1073; x_wconf 88' lang='lat' dir='ltr'>suae</span> <span class='ocrx_word' id='word_1_52' title='bbox 1034 1009 1147 1073; x_wconf 89' lang='lat' dir='ltr'>aetatis</span> <span class='ocrx_word' id='word_1_53' title='bbox 1171 1028 1285 1075; x_wconf 88' lang='lat' dir='ltr'>annum</span> <span class='ocrx_word' id='word_1_54' title='bbox 1310 1029 1393 1076; x_wconf 91' lang='lat' dir='ltr'>com·</span> 
     </span>
     <span class='ocr_line' id='line_1_10' title="bbox 152 1111 1394 1199; baseline 0.002 -24"><span class='ocrx_word' id='word_1_55' title='bbox 152 1112 268 1195; x_wconf 88' lang='lat' dir='ltr'>pletum</span> <span class='ocrx_word' id='word_1_56' title='bbox 298 1131 358 1175; x_wconf 92' lang='lat' dir='ltr'>non</span> <span class='ocrx_word' id='word_1_57' title='bbox 389 1130 567 1194; x_wconf 84' lang='lat' dir='ltr'>pervenere,</span> <span class='ocrx_word' id='word_1_58' title='bbox 603 1111 659 1175; x_wconf 93' lang='lat' dir='ltr'>nisi</span> <span class='ocrx_word' id='word_1_59' title='bbox 689 1112 752 1176; x_wconf 87' lang='lat' dir='ltr'>sint</span> <span class='ocrx_word' id='word_1_60' title='bbox 783 1112 858 1193; x_wconf 89' lang='lat' dir='ltr'>ipsis</span> <span class='ocrx_word' id='word_1_61' title='bbox 888 1112 919 1175; x_wconf 93' lang='lat' dir='ltr'>in</span> <span class='ocrx_word' id='word_1_62' title='bbox 952 1112 1049 1195; x_wconf 91' lang='lat' dir='ltr'>primo</span> <span class='ocrx_word' id='word_1_63' title='bbox 1073 1113 1121 1177; x_wconf 88' lang='lat' dir='ltr'>rei</span> <span class='ocrx_word' id='word_1_64' title='bbox 1141 1114 1273 1179; x_wconf 87' lang='lat' dir='ltr'>secundo</span> <span class='ocrx_word' id='word_1_65' title='bbox 1296 1115 1394 1199; x_wconf 84' lang='lat' dir='ltr'>gradu</span> 
     </span>
     <span class='ocr_line' id='line_1_11' title="bbox 152 1214 1395 1303; baseline 0.005 -24"><span class='ocrx_word' id='word_1_66' title='bbox 152 1216 395 1299; x_wconf 84' lang='lat' dir='ltr'>consanguineae</span> <span class='ocrx_word' id='word_1_67' title='bbox 427 1216 475 1279; x_wconf 88' lang='lat' dir='ltr'>vei</span> <span class='ocrx_word' id='word_1_68' title='bbox 506 1214 624 1282; x_wconf 81' lang='lat' dir='ltr'>affines.</span> <span class='ocrx_word' id='word_1_69' title='bbox 670 1216 887 1300; x_wconf 80' lang='lat' dir='ltr'>Quaecumque</span> <span class='ocrx_word' id='word_1_70' title='bbox 923 1219 1026 1281; x_wconf 88' lang='lat' dir='ltr'>autern</span> <span class='ocrx_word' id='word_1_71' title='bbox 1057 1217 1130 1283; x_wconf 91' lang='lat' dir='ltr'>sunt</span> <span class='ocrx_word' id='word_1_72' title='bbox 1163 1220 1195 1282; x_wconf 90' lang='lat' dir='ltr'>et</span> <span class='ocrx_word' id='word_1_73' title='bbox 1228 1222 1395 1303; x_wconf 90' lang='lat' dir='ltr'>utcumque</span> 
     </span>
    </p>
   </div>
   <div class='ocr_carea' id='block_1_7' title="bbox 152 1318 1397 1925">
    <p class='ocr_par' dir='ltr' id='par_1_7' title="bbox 152 1318 1394 1507">
     <span class='ocr_line' id='line_1_12' title="bbox 152 1318 1394 1407; baseline 0.004 -23"><span class='ocrx_word' id='word_1_74' title='bbox 152 1320 344 1403; x_wconf 89' lang='lat' dir='ltr'>conjunctae,</span> <span class='ocrx_word' id='word_1_75' title='bbox 366 1321 513 1402; x_wconf 86' lang='lat' dir='ltr'>probatae</span> <span class='ocrx_word' id='word_1_76' title='bbox 532 1320 615 1385; x_wconf 86' lang='lat' dir='ltr'>vitae</span> <span class='ocrx_word' id='word_1_77' title='bbox 638 1340 673 1384; x_wconf 87' lang='lat' dir='ltr'>ac</span> <span class='ocrx_word' id='word_1_78' title='bbox 696 1318 798 1383; x_wconf 84' lang='lat' dir='ltr'>famae</span> <span class='ocrx_word' id='word_1_79' title='bbox 823 1320 1040 1404; x_wconf 84' lang='lat' dir='ltr'>integerrimae</span> <span class='ocrx_word' id='word_1_80' title='bbox 1065 1340 1131 1385; x_wconf 91' lang='lat' dir='ltr'>esse</span> <span class='ocrx_word' id='word_1_81' title='bbox 1153 1321 1284 1399; x_wconf 88' lang='lat' dir='ltr'>debent;</span> <span class='ocrx_word' id='word_1_82' title='bbox 1314 1324 1394 1407; x_wconf 93' lang='lat' dir='ltr'>quod</span> 
     </span>
     <span class='ocr_line' id='line_1_13' title="bbox 152 1423 1223 1507; baseline 0.002 -20"><span class='ocrx_word' id='word_1_83' title='bbox 152 1426 178 1487; x_wconf 90' lang='lat' dir='ltr'>si</span> <span class='ocrx_word' id='word_1_84' title='bbox 200 1424 284 1488; x_wconf 88' lang='lat' dir='ltr'>maia</span> <span class='ocrx_word' id='word_1_85' title='bbox 306 1425 390 1487; x_wconf 80' lang='lat' dir='ltr'>tama</span> <span class='ocrx_word' id='word_1_86' title='bbox 412 1425 568 1507; x_wconf 90' lang='lat' dir='ltr'>coeperint</span> <span class='ocrx_word' id='word_1_87' title='bbox 591 1424 740 1501; x_wconf 89' lang='lat' dir='ltr'>laborare,</span> <span class='ocrx_word' id='word_1_88' title='bbox 762 1423 989 1507; x_wconf 87' lang='lat' dir='ltr'>quamprimum</span> <span class='ocrx_word' id='word_1_89' title='bbox 1014 1424 1223 1490; x_wconf 89' lang='lat' dir='ltr'>dimittantur.</span> 
     </span>
    </p>

    <p class='ocr_par' dir='ltr' id='par_1_8' title="bbox 153 1526 1397 1830">
     <span class='ocr_line' id='line_1_14' title="bbox 255 1526 1395 1613; baseline -0.001 -17"><span class='ocrx_word' id='word_1_90' title='bbox 255 1526 330 1597; x_wconf 91' lang='grc'><strong>122.</strong></span> <span class='ocrx_word' id='word_1_91' title='bbox 355 1526 386 1593; x_wconf 87' lang='lat' dir='ltr'>Si</span> <span class='ocrx_word' id='word_1_92' title='bbox 407 1547 461 1610; x_wconf 91' lang='lat' dir='ltr'>pro</span> <span class='ocrx_word' id='word_1_93' title='bbox 481 1529 598 1593; x_wconf 88' lang='lat' dir='ltr'>ratione</span> <span class='ocrx_word' id='word_1_94' title='bbox 622 1532 794 1612; x_wconf 87' lang='lat' dir='ltr'>temporum</span> <span class='ocrx_word' id='word_1_95' title='bbox 817 1548 982 1612; x_wconf 81' lang='lat' dir='ltr'>rerumque</span> <span class='ocrx_word' id='word_1_96' title='bbox 1004 1529 1178 1593; x_wconf 89' lang='lat' dir='ltr'>conditione</span> <span class='ocrx_word' id='word_1_97' title='bbox 1200 1530 1276 1594; x_wconf 91' lang='lat' dir='ltr'>haec</span> <span class='ocrx_word' id='word_1_98' title='bbox 1291 1531 1395 1613; x_wconf 90' lang='lat' dir='ltr'>prohi-</span> 
     </span>
     <span class='ocr_line' id='line_1_15' title="bbox 153 1632 1397 1719; baseline 0.005 -24"><span class='ocrx_word' id='word_1_99' title='bbox 153 1632 229 1696; x_wconf 85' lang='lat' dir='ltr'>bitio</span> <span class='ocrx_word' id='word_1_100' title='bbox 254 1634 312 1696; x_wconf 88' lang='lat' dir='ltr'>nisi</span> <span class='ocrx_word' id='word_1_101' title='bbox 337 1632 509 1697; x_wconf 85' lang='lat' dir='ltr'>difficilime</span> <span class='ocrx_word' id='word_1_102' title='bbox 532 1632 571 1695; x_wconf 84' lang='lat' dir='ltr'>ab</span> <span class='ocrx_word' id='word_1_103' title='bbox 594 1632 696 1715; x_wconf 85' lang='lat' dir='ltr'>aliquo</span> <span class='ocrx_word' id='word_1_104' title='bbox 719 1632 878 1697; x_wconf 86' lang='lat' dir='ltr'>sacerdote</span> <span class='ocrx_word' id='word_1_105' title='bbox 904 1634 1020 1697; x_wconf 84' lang='lat' dir='ltr'>serrari</span> <span class='ocrx_word' id='word_1_106' title='bbox 1050 1651 1109 1698; x_wconf 94' lang='lat' dir='ltr'>non</span> <span class='ocrx_word' id='word_1_107' title='bbox 1141 1633 1254 1717; x_wconf 85' lang='lat' dir='ltr'>possit,</span> <span class='ocrx_word' id='word_1_108' title='bbox 1282 1636 1397 1719; x_wconf 89' lang='lat' dir='ltr'>scripto</span> 
     </span>
     <span class='ocr_line' id='line_1_16' title="bbox 153 1735 1170 1830; baseline 0.002 -31"><span class='ocrx_word' id='word_1_109' title='bbox 153 1755 263 1801; x_wconf 84' lang='lat' dir='ltr'>causas</span> <span class='ocrx_word' id='word_1_110' title='bbox 286 1756 339 1819; x_wconf 88' lang='lat' dir='ltr'>pro</span> <span class='ocrx_word' id='word_1_111' title='bbox 362 1735 529 1802; x_wconf 89' lang='lat' dir='ltr'>obtinenda</span> <span class='ocrx_word' id='word_1_112' title='bbox 552 1736 780 1830; x_wconf 80' lang='lat' dir='ltr'>dispensatione</span> <span class='ocrx_word' id='word_1_113' title='bbox 803 1736 901 1801; x_wconf 87' lang='lat' dir='ltr'>Nobis</span> <span class='ocrx_word' id='word_1_114' title='bbox 925 1738 1063 1820; x_wconf 85' lang='lat' dir='ltr'>exponet.</span> <span class='ocrx_word' id='word_1_115' title='bbox 1168 1816 1170 1821; x_wconf 16' lang='grc' dir='ltr'><strong><em>Δ</em></strong></span> 
     </span>
    </p>

    <p class='ocr_par' dir='ltr' id='par_1_9' title="bbox 258 1838 1395 1925">
     <span class='ocr_line' id='line_1_17' title="bbox 258 1838 1395 1925; baseline 0 -17"><span class='ocrx_word' id='word_1_116' title='bbox 258 1838 332 1908; x_wconf 81' lang='grc'><strong>123.</strong></span> <span class='ocrx_word' id='word_1_117' title='bbox 358 1840 607 1924; x_wconf 88' lang='lat' dir='ltr'>Dispensationes</span> <span class='ocrx_word' id='word_1_118' title='bbox 627 1840 687 1904; x_wconf 93' lang='lat' dir='ltr'>huc</span> <span class='ocrx_word' id='word_1_119' title='bbox 710 1859 807 1923; x_wconf 90' lang='lat' dir='ltr'>usque</span> <span class='ocrx_word' id='word_1_120' title='bbox 824 1840 915 1906; x_wconf 86' lang='lat' dir='ltr'>verbo</span> <span class='ocrx_word' id='word_1_121' title='bbox 932 1843 1067 1920; x_wconf 90' lang='lat' dir='ltr'>tanturn,</span> <span class='ocrx_word' id='word_1_122' title='bbox 1093 1860 1150 1907; x_wconf 92' lang='lat' dir='ltr'>non</span> <span class='ocrx_word' id='word_1_123' title='bbox 1167 1842 1281 1925; x_wconf 88' lang='lat' dir='ltr'>scripto</span> <span class='ocrx_word' id='word_1_124' title='bbox 1297 1843 1395 1923; x_wconf 86' lang='lat' dir='ltr'>datas,</span> 
     </span>
    </p>
   </div>
   <div class='ocr_carea' id='block_1_8' title="bbox 60 1944 1303 2027">
    <p class='ocr_par' dir='ltr' id='par_1_10' title="bbox 60 1944 1303 2027">
     <span class='ocr_line' id='line_1_18' title="bbox 60 1944 1303 2027; baseline 0.003 -20"><span class='ocrx_word' id='word_1_125' title='bbox 60 2009 65 2017; x_wconf 72' lang='grc'><strong>,</strong></span> <span class='ocrx_word' id='word_1_126' title='bbox 154 1944 286 2013; x_wconf 80' lang='lat' dir='ltr'>caducas</span> <span class='ocrx_word' id='word_1_127' title='bbox 307 1945 458 2022; x_wconf 85' lang='lat' dir='ltr'>uolumus,</span> <span class='ocrx_word' id='word_1_128' title='bbox 482 1944 541 2008; x_wconf 90' lang='lat' dir='ltr'>nisi</span> <span class='ocrx_word' id='word_1_129' title='bbox 565 1944 649 2008; x_wconf 89' lang='lat' dir='ltr'>intra</span> <span class='ocrx_word' id='word_1_130' title='bbox 670 1963 721 2008; x_wconf 87' lang='lat' dir='ltr'>ser</span> <span class='ocrx_word' id='word_1_131' title='bbox 745 1963 866 2009; x_wconf 89' lang='lat' dir='ltr'>menses</span> <span class='ocrx_word' id='word_1_132' title='bbox 889 1964 942 2027; x_wconf 90' lang='lat' dir='ltr'>per</span> <span class='ocrx_word' id='word_1_133' title='bbox 964 1945 1086 2009; x_wconf 86' lang='lat' dir='ltr'>litteras</span> <span class='ocrx_word' id='word_1_134' title='bbox 1110 1948 1303 2012; x_wconf 86' lang='lat' dir='ltr'>renoventur.</span> 
     </span>
    </p>
   </div>
   <div class='ocr_carea' id='block_1_9' title="bbox 155 2046 1464 2967">
    <p class='ocr_par' dir='ltr' id='par_1_11' title="bbox 155 2046 1398 2237">
     <span class='ocr_line' id='line_1_19' title="bbox 258 2046 1398 2117; baseline 0.001 -2"><span class='ocrx_word' id='word_1_135' title='bbox 258 2046 332 2116; x_wconf 81' lang='lat'>124.</span> <span class='ocrx_word' id='word_1_136' title='bbox 365 2048 479 2115; x_wconf 84' lang='lat' dir='ltr'>Nullus</span> <span class='ocrx_word' id='word_1_137' title='bbox 510 2048 651 2114; x_wconf 89' lang='lat' dir='ltr'>sacerdos</span> <span class='ocrx_word' id='word_1_138' title='bbox 675 2047 825 2113; x_wconf 80' lang='lat' dir='ltr'>famulam</span> <span class='ocrx_word' id='word_1_139' title='bbox 849 2068 937 2114; x_wconf 87' lang='lat' dir='ltr'>suam</span> <span class='ocrx_word' id='word_1_140' title='bbox 961 2050 999 2114; x_wconf 88' lang='lat' dir='ltr'>ad</span> <span class='ocrx_word' id='word_1_141' title='bbox 1024 2070 1159 2115; x_wconf 88' lang='lat' dir='ltr'>mensam</span> <span class='ocrx_word' id='word_1_142' title='bbox 1181 2050 1240 2115; x_wconf 85' lang='lat' dir='ltr'>eibi</span> <span class='ocrx_word' id='word_1_143' title='bbox 1263 2052 1398 2117; x_wconf 88' lang='lat' dir='ltr'>assidere</span> 
     </span>
     <span class='ocr_line' id='line_1_20' title="bbox 155 2152 1295 2237; baseline 0.004 -21"><span class='ocrx_word' id='word_1_144' title='bbox 155 2152 328 2237; x_wconf 87' lang='lat' dir='ltr'>indulgeat.</span> <span class='ocrx_word' id='word_1_145' title='bbox 1294 2158 1295 2163; x_wconf 76' lang='grc'>’</span> 
     </span>
    </p>

    <p class='ocr_par' dir='ltr' id='par_1_12' title="bbox 155 2255 1464 2445">
     <span class='ocr_line' id='line_1_21' title="bbox 257 2255 1464 2343; baseline 0.002 -17"><span class='ocrx_word' id='word_1_146' title='bbox 257 2255 332 2326; x_wconf 79' lang='lat' dir='ltr'>las.</span> <span class='ocrx_word' id='word_1_147' title='bbox 364 2256 444 2322; x_wconf 89' lang='lat' dir='ltr'>item</span> <span class='ocrx_word' id='word_1_148' title='bbox 468 2256 586 2322; x_wconf 87' lang='lat' dir='ltr'>nuliam</span> <span class='ocrx_word' id='word_1_149' title='bbox 608 2257 765 2335; x_wconf 77' lang='lat' dir='ltr'>feminam,</span> <span class='ocrx_word' id='word_1_150' title='bbox 792 2258 850 2322; x_wconf 90' lang='lat' dir='ltr'>nisi</span> <span class='ocrx_word' id='word_1_151' title='bbox 873 2258 1108 2343; x_wconf 70' lang='lat' dir='ltr'>adpropinqua</span> <span class='ocrx_word' id='word_1_152' title='bbox 1128 2260 1221 2325; x_wconf 89' lang='lat' dir='ltr'>simul</span> <span class='ocrx_word' id='word_1_153' title='bbox 1244 2262 1275 2327; x_wconf 89' lang='lat' dir='ltr'>et</span> <span class='ocrx_word' id='word_1_154' title='bbox 1296 2262 1399 2328; x_wconf 84' lang='lat' dir='ltr'>aetate</span> <span class='ocrx_word' id='word_1_155' title='bbox 1463 2316 1464 2319; x_wconf 63' lang='lat'>,</span> 
     </span>
     <span class='ocr_line' id='line_1_22' title="bbox 155 2362 1243 2445; baseline 0.004 -20"><span class='ocrx_word' id='word_1_156' title='bbox 155 2362 335 2445; x_wconf 72' lang='lat' dir='ltr'>provectior,</span> <span class='ocrx_word' id='word_1_157' title='bbox 359 2362 630 2427; x_wconf 81' lang='lat' dir='ltr'>sire-ambulando</span> <span class='ocrx_word' id='word_1_158' title='bbox 653 2363 718 2427; x_wconf 84' lang='lat' dir='ltr'>sire</span> <span class='ocrx_word' id='word_1_159' title='bbox 741 2363 801 2426; x_wconf 91' lang='lat' dir='ltr'>iter</span> <span class='ocrx_word' id='word_1_160' title='bbox 823 2362 963 2427; x_wconf 87' lang='lat' dir='ltr'>iaciendo</span> <span class='ocrx_word' id='word_1_161' title='bbox 982 2364 1097 2429; x_wconf 86' lang='lat' dir='ltr'>sociam</span> <span class='ocrx_word' id='word_1_162' title='bbox 1121 2364 1243 2431; x_wconf 88' lang='lat' dir='ltr'>habeat.</span> 
     </span>
    </p>

    <p class='ocr_par' dir='ltr' id='par_1_13' title="bbox 157 2464 1398 2655">
     <span class='ocr_line' id='line_1_23' title="bbox 259 2464 1398 2552; baseline 0.002 -19"><span class='ocrx_word' id='word_1_163' title='bbox 259 2464 334 2534; x_wconf 85' lang='grc'><strong>126.</strong></span> <span class='ocrx_word' id='word_1_164' title='bbox 373 2466 546 2551; x_wconf 82' lang='lat' dir='ltr'>Presbyteri</span> <span class='ocrx_word' id='word_1_165' title='bbox 581 2486 618 2531; x_wconf 92' lang='lat' dir='ltr'>ne</span> <span class='ocrx_word' id='word_1_166' title='bbox 650 2466 741 2531; x_wconf 82' lang='lat' dir='ltr'>facile</span> <span class='ocrx_word' id='word_1_167' title='bbox 775 2466 893 2531; x_wconf 88' lang='lat' dir='ltr'>diutius</span> <span class='ocrx_word' id='word_1_168' title='bbox 923 2466 1057 2550; x_wconf 87' lang='lat' dir='ltr'>hospites</span> <span class='ocrx_word' id='word_1_169' title='bbox 1090 2468 1169 2552; x_wconf 89' lang='lat' dir='ltr'>apud</span> <span class='ocrx_word' id='word_1_170' title='bbox 1201 2488 1234 2534; x_wconf 88' lang='lat' dir='ltr'>se</span> <span class='ocrx_word' id='word_1_171' title='bbox 1265 2470 1398 2536; x_wconf 87' lang='lat' dir='ltr'>habeant</span> 
     </span>
     <span class='ocr_line' id='line_1_24' title="bbox 157 2565 1222 2655; baseline 0.005 -21"><span class='ocrx_word' id='word_1_172' title='bbox 157 2569 295 2647; x_wconf 81' lang='lat' dir='ltr'>feminas,</span> <span class='ocrx_word' id='word_1_173' title='bbox 320 2571 500 2654; x_wconf 89' lang='lat' dir='ltr'>praesertim</span> <span class='ocrx_word' id='word_1_174' title='bbox 521 2570 659 2653; x_wconf 80' lang='lat' dir='ltr'>juniores</span> <span class='ocrx_word' id='word_1_175' title='bbox 679 2574 772 2652; x_wconf 85' lang='lat' dir='ltr'>atque</span> <span class='ocrx_word' id='word_1_176' title='bbox 796 2570 855 2635; x_wconf 92' lang='lat' dir='ltr'>sibi</span> <span class='ocrx_word' id='word_1_177' title='bbox 879 2569 1005 2635; x_wconf 90' lang='lat' dir='ltr'>minime</span> <span class='ocrx_word' id='word_1_178' title='bbox 1028 2565 1222 2655; x_wconf 76' lang='lat' dir='ltr'>propinquas.</span> 
     </span>
    </p>

    <p class='ocr_par' dir='ltr' id='par_1_14' title="bbox 157 2672 1453 2967">
     <span class='ocr_line' id='line_1_25' title="bbox 263 2672 1400 2759; baseline -0.001 -16"><span class='ocrx_word' id='word_1_179' title='bbox 263 2672 334 2743; x_wconf 86' lang='grc'><strong>127.</strong></span> <span class='ocrx_word' id='word_1_180' title='bbox 365 2674 458 2739; x_wconf 74' lang='lat' dir='ltr'>Enixa</span> <span class='ocrx_word' id='word_1_181' title='bbox 481 2674 612 2757; x_wconf 90' lang='lat' dir='ltr'>denique</span> <span class='ocrx_word' id='word_1_182' title='bbox 636 2673 810 2739; x_wconf 84' lang='lat' dir='ltr'>sacerdotes</span> <span class='ocrx_word' id='word_1_183' title='bbox 834 2673 966 2739; x_wconf 90' lang='lat' dir='ltr'>monitos</span> <span class='ocrx_word' id='word_1_184' title='bbox 990 2674 1150 2753; x_wconf 83' lang='lat' dir='ltr'>volumus,</span> <span class='ocrx_word' id='word_1_185' title='bbox 1174 2676 1209 2740; x_wconf 92' lang='lat' dir='ltr'>ut</span> <span class='ocrx_word' id='word_1_186' title='bbox 1234 2678 1400 2759; x_wconf 87' lang='lat' dir='ltr'>quotannis</span> 
     </span>
     <span class='ocr_line' id='line_1_26' title="bbox 158 2778 1399 2864; baseline 0.003 -21"><span class='ocrx_word' id='word_1_187' title='bbox 158 2780 284 2845; x_wconf 83' lang='lat' dir='ltr'>famulis</span> <span class='ocrx_word' id='word_1_188' title='bbox 306 2778 371 2844; x_wconf 87' lang='lat' dir='ltr'>suis</span> <span class='ocrx_word' id='word_1_189' title='bbox 395 2779 566 2843; x_wconf 88' lang='lat' dir='ltr'>mercedem</span> <span class='ocrx_word' id='word_1_190' title='bbox 590 2779 732 2853; x_wconf 88' lang='lat' dir='ltr'>solvant,</span> <span class='ocrx_word' id='word_1_191' title='bbox 762 2795 800 2842; x_wconf 85' lang='lat' dir='ltr'>ua</span> <span class='ocrx_word' id='word_1_192' title='bbox 828 2780 934 2861; x_wconf 88' lang='lat' dir='ltr'>postea</span> <span class='ocrx_word' id='word_1_193' title='bbox 961 2778 1025 2842; x_wconf 89' lang='lat' dir='ltr'>ulto</span> <span class='ocrx_word' id='word_1_194' title='bbox 1057 2778 1147 2843; x_wconf 92' lang='lat' dir='ltr'>modo</span> <span class='ocrx_word' id='word_1_195' title='bbox 1175 2778 1206 2844; x_wconf 89' lang='lat' dir='ltr'>in</span> <span class='ocrx_word' id='word_1_196' title='bbox 1230 2783 1399 2864; x_wconf 85' lang='lat' dir='ltr'>angustum</span> 
     </span>
     <span class='ocr_line' id='line_1_27' title="bbox 157 2872 1453 2967; baseline 0.003 -20"><span class='ocrx_word' id='word_1_197' title='bbox 157 2885 292 2961; x_wconf 86' lang='lat' dir='ltr'>veniant,</span> <span class='ocrx_word' id='word_1_198' title='bbox 316 2902 391 2948; x_wconf 89' lang='lat' dir='ltr'>nere</span> <span class='ocrx_word' id='word_1_199' title='bbox 407 2882 549 2967; x_wconf 91' lang='lat' dir='ltr'>cuiquam</span> <span class='ocrx_word' id='word_1_200' title='bbox 565 2882 684 2948; x_wconf 88' lang='lat' dir='ltr'>incidat</span> <span class='ocrx_word' id='word_1_201' title='bbox 698 2882 831 2965; x_wconf 89' lang='lat' dir='ltr'>suspicio</span> <span class='ocrx_word' id='word_1_202' title='bbox 848 2899 898 2947; x_wconf 88' lang='lat' dir='ltr'>eos</span> <span class='ocrx_word' id='word_1_203' title='bbox 914 2899 949 2946; x_wconf 84' lang='lat' dir='ltr'>ex</span> <span class='ocrx_word' id='word_1_204' title='bbox 965 2882 1066 2947; x_wconf 87' lang='lat' dir='ltr'>atiena</span> <span class='ocrx_word' id='word_1_205' title='bbox 1081 2883 1213 2967; x_wconf 89' lang='lat' dir='ltr'>pendere</span> <span class='ocrx_word' id='word_1_206' title='bbox 1228 2885 1398 2954; x_wconf 86' lang='lat' dir='ltr'>voluntate.</span> <span class='ocrx_word' id='word_1_207' title='bbox 1449 2872 1453 2880; x_wconf 75' lang='grc'><strong>’</strong></span> 
     </span>
    </p>
   </div>
   <div class='ocr_carea' id='block_1_10' title="bbox 441 3036 1109 3121">
    <p class='ocr_par' dir='ltr' id='par_1_15' title="bbox 441 3036 1109 3121">
     <span class='ocr_line' id='line_1_28' title="bbox 441 3036 1109 3121; baseline 0 -17"><span class='ocrx_word' id='word_1_208' title='bbox 441 3036 520 3119; x_wconf 83' lang='lat' dir='ltr'>Gap.</span> <span class='ocrx_word' id='word_1_209' title='bbox 543 3038 605 3105; x_wconf 83' lang='lat' dir='ltr'>IV.</span> <span class='ocrx_word' id='word_1_210' title='bbox 639 3037 692 3105; x_wconf 89' lang='lat' dir='ltr'>De</span> <span class='ocrx_word' id='word_1_211' title='bbox 707 3038 863 3121; x_wconf 81' lang='lat' dir='ltr'>parocbia</span> <span class='ocrx_word' id='word_1_212' title='bbox 883 3038 1109 3106; x_wconf 79' lang='lat' dir='ltr'>contonotibus.</span> 
     </span>
    </p>
   </div>
   <div class='ocr_carea' id='block_1_11' title="bbox 156 3158 1486 4601">
    <p class='ocr_par' dir='ltr' id='par_1_16' title="bbox 156 3158 1486 3661">
     <span class='ocr_line' id='line_1_29' title="bbox 261 3158 1398 3247; baseline 0.004 -24"><span class='ocrx_word' id='word_1_213' title='bbox 261 3158 334 3230; x_wconf 83' lang='grc'><strong>128.</strong></span> <span class='ocrx_word' id='word_1_214' title='bbox 372 3158 502 3225; x_wconf 85' lang='lat' dir='ltr'>Perochi</span> <span class='ocrx_word' id='word_1_215' title='bbox 534 3160 713 3224; x_wconf 84' lang='lat' dir='ltr'>centenales</span> <span class='ocrx_word' id='word_1_216' title='bbox 744 3164 815 3224; x_wconf 87' lang='lat' dir='ltr'>sunt</span> <span class='ocrx_word' id='word_1_217' title='bbox 847 3160 934 3243; x_wconf 83' lang='lat' dir='ltr'>quasi</span> <span class='ocrx_word' id='word_1_218' title='bbox 967 3160 1073 3226; x_wconf 85' lang='lat' dir='ltr'>vicarii</span> <span class='ocrx_word' id='word_1_219' title='bbox 1104 3161 1220 3227; x_wconf 82' lang='lat' dir='ltr'>ronnei</span> <span class='ocrx_word' id='word_1_220' title='bbox 1249 3162 1398 3247; x_wconf 74' lang='lat' dir='ltr'>Episcopi,</span> 
     </span>
     <span class='ocr_line' id='line_1_30' title="bbox 156 3263 1400 3348; baseline 0.002 -18"><span class='ocrx_word' id='word_1_221' title='bbox 156 3266 215 3331; x_wconf 91' lang='lat' dir='ltr'>sub</span> <span class='ocrx_word' id='word_1_222' title='bbox 238 3265 326 3348; x_wconf 93' lang='lat' dir='ltr'>cujus</span> <span class='ocrx_word' id='word_1_223' title='bbox 345 3269 422 3329; x_wconf 90' lang='lat' dir='ltr'>nutu</span> <span class='ocrx_word' id='word_1_224' title='bbox 445 3263 603 3347; x_wconf 83' lang='lat' dir='ltr'>providere</span> <span class='ocrx_word' id='word_1_225' title='bbox 625 3263 756 3343; x_wconf 84' lang='lat' dir='ltr'>debent,</span> <span class='ocrx_word' id='word_1_226' title='bbox 787 3265 823 3328; x_wconf 92' lang='lat' dir='ltr'>ut</span> <span class='ocrx_word' id='word_1_227' title='bbox 854 3264 1017 3347; x_wconf 84' lang='lat' dir='ltr'>disciplina</span> <span class='ocrx_word' id='word_1_228' title='bbox 1046 3265 1256 3331; x_wconf 88' lang='lat' dir='ltr'>ecclesiastica</span> <span class='ocrx_word' id='word_1_229' title='bbox 1279 3286 1298 3331; x_wconf 90' lang='lat' dir='ltr'>a</span> <span class='ocrx_word' id='word_1_230' title='bbox 1320 3267 1400 3333; x_wconf 87' lang='lat' dir='ltr'>clero</span> 
     </span>
     <span class='ocr_line' id='line_1_31' title="bbox 156 3368 1402 3451; baseline 0.002 -18"><span class='ocrx_word' id='word_1_231' title='bbox 156 3369 356 3435; x_wconf 86' lang='lat' dir='ltr'>districtuum</span> <span class='ocrx_word' id='word_1_232' title='bbox 379 3368 512 3433; x_wconf 82' lang='lat' dir='ltr'>fideliter</span> <span class='ocrx_word' id='word_1_233' title='bbox 538 3368 694 3447; x_wconf 88' lang='lat' dir='ltr'>serretur,</span> <span class='ocrx_word' id='word_1_234' title='bbox 724 3369 756 3433; x_wconf 89' lang='lat' dir='ltr'>et</span> <span class='ocrx_word' id='word_1_235' title='bbox 785 3368 818 3431; x_wconf 92' lang='lat' dir='ltr'>in</span> <span class='ocrx_word' id='word_1_236' title='bbox 851 3368 1005 3451; x_wconf 87' lang='lat' dir='ltr'>parochiis</span> <span class='ocrx_word' id='word_1_237' title='bbox 1034 3368 1137 3435; x_wconf 90' lang='lat' dir='ltr'>omnia</span> <span class='ocrx_word' id='word_1_238' title='bbox 1169 3370 1215 3435; x_wconf 89' lang='lat' dir='ltr'>ita</span> <span class='ocrx_word' id='word_1_239' title='bbox 1243 3370 1334 3450; x_wconf 89' lang='lat' dir='ltr'>flant,</span> <span class='ocrx_word' id='word_1_240' title='bbox 1365 3373 1402 3436; x_wconf 92' lang='lat' dir='ltr'>ut</span> 
     </span>
     <span class='ocr_line' id='line_1_32' title="bbox 158 3472 1486 3557; baseline 0.002 -19"><span class='ocrx_word' id='word_1_241' title='bbox 158 3474 258 3557; x_wconf 89' lang='lat' dir='ltr'>pietas</span> <span class='ocrx_word' id='word_1_242' title='bbox 281 3473 418 3539; x_wconf 84' lang='lat' dir='ltr'>fidelium</span> <span class='ocrx_word' id='word_1_243' title='bbox 442 3472 591 3538; x_wconf 77' lang='lat' dir='ltr'>foveatur.</span> <span class='ocrx_word' id='word_1_244' title='bbox 631 3472 834 3556; x_wconf 81' lang='lat' dir='ltr'>Quapropter,</span> <span class='ocrx_word' id='word_1_245' title='bbox 857 3490 1010 3556; x_wconf 82' lang='lat' dir='ltr'>quaenam</span> <span class='ocrx_word' id='word_1_246' title='bbox 1033 3490 1137 3539; x_wconf 90' lang='lat' dir='ltr'>eorum</span> <span class='ocrx_word' id='word_1_247' title='bbox 1162 3474 1225 3539; x_wconf 91' lang='lat' dir='ltr'>sint</span> <span class='ocrx_word' id='word_1_248' title='bbox 1246 3474 1348 3540; x_wconf 83' lang='lat' dir='ltr'>officia</span> <span class='ocrx_word' id='word_1_249' title='bbox 1370 3476 1402 3541; x_wconf 91' lang='lat' dir='ltr'>et</span> <span class='ocrx_word' id='word_1_250' title='bbox 1481 3541 1486 3549; x_wconf 82' lang='grc'><em>,</em></span> 
     </span>
     <span class='ocr_line' id='line_1_33' title="bbox 156 3576 567 3661; baseline 0 -18"><span class='ocrx_word' id='word_1_251' title='bbox 156 3578 238 3661; x_wconf 87' lang='lat' dir='ltr'>jura,</span> <span class='ocrx_word' id='word_1_252' title='bbox 261 3577 389 3644; x_wconf 87' lang='lat' dir='ltr'>definire</span> <span class='ocrx_word' id='word_1_253' title='bbox 413 3576 567 3644; x_wconf 83' lang='lat' dir='ltr'>convenit.</span> 
     </span>
    </p>

    <p class='ocr_par' dir='ltr' id='par_1_17' title="bbox 158 3680 1405 4079">
     <span class='ocr_line' id='line_1_34' title="bbox 262 3680 1404 3765; baseline 0 -15"><span class='ocrx_word' id='word_1_254' title='bbox 262 3680 337 3750; x_wconf 78' lang='grc'><strong>129.</strong></span> <span class='ocrx_word' id='word_1_255' title='bbox 362 3681 440 3748; x_wconf 77' lang='lat' dir='ltr'>(ium</span> <span class='ocrx_word' id='word_1_256' title='bbox 464 3680 666 3765; x_wconf 87' lang='lat' dir='ltr'>parochorum</span> <span class='ocrx_word' id='word_1_257' title='bbox 689 3681 899 3747; x_wconf 86' lang='lat' dir='ltr'>cantonalium</span> <span class='ocrx_word' id='word_1_258' title='bbox 920 3682 961 3747; x_wconf 88' lang='lat' dir='ltr'>sit</span> <span class='ocrx_word' id='word_1_259' title='bbox 984 3700 1102 3761; x_wconf 88' lang='lat' dir='ltr'>curare,</span> <span class='ocrx_word' id='word_1_260' title='bbox 1127 3683 1162 3749; x_wconf 89' lang='lat' dir='ltr'>ut</span> <span class='ocrx_word' id='word_1_261' title='bbox 1177 3684 1256 3749; x_wconf 83' lang='lat' dir='ltr'>sacri</span> <span class='ocrx_word' id='word_1_262' title='bbox 1271 3702 1404 3752; x_wconf 88' lang='lat' dir='ltr'>canones</span> 
     </span>
     <span class='ocr_line' id='line_1_35' title="bbox 158 3784 1403 3871; baseline 0.002 -19"><span class='ocrx_word' id='word_1_263' title='bbox 158 3789 191 3853; x_wconf 89' lang='lat' dir='ltr'>et</span> <span class='ocrx_word' id='word_1_264' title='bbox 221 3788 343 3852; x_wconf 84' lang='lat' dir='ltr'>statuta</span> <span class='ocrx_word' id='word_1_265' title='bbox 369 3786 551 3853; x_wconf 87' lang='lat' dir='ltr'>dioecesana</span> <span class='ocrx_word' id='word_1_266' title='bbox 583 3804 602 3849; x_wconf 88' lang='lat' dir='ltr'>a</span> <span class='ocrx_word' id='word_1_267' title='bbox 635 3787 718 3851; x_wconf 86' lang='lat' dir='ltr'>clerc</span> <span class='ocrx_word' id='word_1_268' title='bbox 746 3786 795 3850; x_wconf 91' lang='lat' dir='ltr'>sui</span> <span class='ocrx_word' id='word_1_269' title='bbox 827 3784 975 3871; x_wconf 85' lang='lat' dir='ltr'>cujusque</span> <span class='ocrx_word' id='word_1_270' title='bbox 1004 3787 1165 3853; x_wconf 88' lang='lat' dir='ltr'>districtus</span> <span class='ocrx_word' id='word_1_271' title='bbox 1192 3789 1403 3869; x_wconf 83' lang='lat' dir='ltr'>observentur,</span> 
     </span>
     <span class='ocr_line' id='line_1_36' title="bbox 158 3889 1405 3978; baseline 0.002 -21"><span class='ocrx_word' id='word_1_272' title='bbox 158 3892 269 3958; x_wconf 88' lang='lat' dir='ltr'>ceteris</span> <span class='ocrx_word' id='word_1_273' title='bbox 290 3892 369 3957; x_wconf 94' lang='lat' dir='ltr'>bono</span> <span class='ocrx_word' id='word_1_274' title='bbox 390 3891 546 3974; x_wconf 86' lang='lat' dir='ltr'>exemplo,</span> <span class='ocrx_word' id='word_1_275' title='bbox 579 3889 700 3956; x_wconf 88' lang='lat' dir='ltr'>scilicet</span> <span class='ocrx_word' id='word_1_276' title='bbox 725 3892 858 3973; x_wconf 85' lang='lat' dir='ltr'>pietate,</span> <span class='ocrx_word' id='word_1_277' title='bbox 890 3891 1070 3973; x_wconf 88' lang='lat' dir='ltr'>prudentia,</span> <span class='ocrx_word' id='word_1_278' title='bbox 1106 3891 1245 3959; x_wconf 85' lang='lat' dir='ltr'>doctrine</span> <span class='ocrx_word' id='word_1_279' title='bbox 1274 3894 1405 3978; x_wconf 87' lang='lat' dir='ltr'>aliisque</span> 
     </span>
     <span class='ocr_line' id='line_1_37' title="bbox 159 3994 677 4079; baseline -0.006 -17"><span class='ocrx_word' id='word_1_280' title='bbox 159 3996 329 4063; x_wconf 85' lang='lat' dir='ltr'>virtutihus</span> <span class='ocrx_word' id='word_1_281' title='bbox 351 3996 465 4060; x_wconf 88' lang='lat' dir='ltr'>debent</span> <span class='ocrx_word' id='word_1_282' title='bbox 491 3994 677 4079; x_wconf 86' lang='lat' dir='ltr'>praelucere.</span> 
     </span>
    </p>

    <p class='ocr_par' dir='ltr' id='par_1_18' title="bbox 159 4097 1405 4392">
     <span class='ocr_line' id='line_1_38' title="bbox 262 4097 1404 4185; baseline -0.002 -16"><span class='ocrx_word' id='word_1_283' title='bbox 262 4099 338 4169; x_wconf 81' lang='lat' dir='ltr'>lac.</span> <span class='ocrx_word' id='word_1_284' title='bbox 368 4099 401 4165; x_wconf 87' lang='lat' dir='ltr'>Si</span> <span class='ocrx_word' id='word_1_285' title='bbox 426 4098 562 4176; x_wconf 84' lang='lat' dir='ltr'>eveniat,</span> <span class='ocrx_word' id='word_1_286' title='bbox 594 4099 629 4163; x_wconf 90' lang='lat' dir='ltr'>ut</span> <span class='ocrx_word' id='word_1_287' title='bbox 656 4097 810 4164; x_wconf 81' lang='lat' dir='ltr'>confrater</span> <span class='ocrx_word' id='word_1_288' title='bbox 835 4098 937 4163; x_wconf 90' lang='lat' dir='ltr'>miuus</span> <span class='ocrx_word' id='word_1_289' title='bbox 964 4098 1091 4165; x_wconf 89' lang='lat' dir='ltr'>honeste</span> <span class='ocrx_word' id='word_1_290' title='bbox 1117 4118 1149 4166; x_wconf 90' lang='lat' dir='ltr'>se</span> <span class='ocrx_word' id='word_1_291' title='bbox 1172 4104 1280 4185; x_wconf 80' lang='lat' dir='ltr'>gerat,</span> <span class='ocrx_word' id='word_1_292' title='bbox 1311 4120 1404 4185; x_wconf 88' lang='lat' dir='ltr'>quam</span> 
     </span>
     <span class='ocr_line' id='line_1_39' title="bbox 159 4202 1405 4290; baseline 0.001 -20"><span class='ocrx_word' id='word_1_293' title='bbox 159 4204 304 4271; x_wconf 90' lang='lat' dir='ltr'>clericum</span> <span class='ocrx_word' id='word_1_294' title='bbox 327 4204 433 4284; x_wconf 92' lang='lat' dir='ltr'>decet,</span> <span class='ocrx_word' id='word_1_295' title='bbox 459 4222 530 4269; x_wconf 89' lang='lat' dir='ltr'>eum</span> <span class='ocrx_word' id='word_1_296' title='bbox 554 4204 680 4286; x_wconf 89' lang='lat' dir='ltr'>paterne</span> <span class='ocrx_word' id='word_1_297' title='bbox 704 4202 906 4281; x_wconf 85' lang='lat' dir='ltr'>admoneant;</span> <span class='ocrx_word' id='word_1_298' title='bbox 930 4204 1060 4286; x_wconf 87' lang='lat' dir='ltr'>quodsi</span> <span class='ocrx_word' id='word_1_299' title='bbox 1084 4206 1211 4289; x_wconf 83' lang='lat' dir='ltr'>gravium</span> <span class='ocrx_word' id='word_1_300' title='bbox 1231 4205 1405 4290; x_wconf 84' lang='lat' dir='ltr'>deliquerit,</span> 
     </span>
     <span class='ocr_line' id='line_1_40' title="bbox 159 4306 1153 4392; baseline -0.002 -18"><span class='ocrx_word' id='word_1_301' title='bbox 159 4307 287 4376; x_wconf 81' lang='lat' dir='ltr'>remed</span> <span class='ocrx_word' id='word_1_302' title='bbox 312 4307 510 4374; x_wconf 88' lang='lat' dir='ltr'>Ordinarium</span> <span class='ocrx_word' id='word_1_303' title='bbox 535 4306 686 4375; x_wconf 82' lang='lat' dir='ltr'>deterant.</span> <span class='ocrx_word' id='word_1_304' title='bbox 724 4306 774 4392; x_wconf 84' lang='lat' dir='ltr'>(B.</span> <span class='ocrx_word' id='word_1_305' title='bbox 799 4306 843 4373; x_wconf 79' lang='lat' dir='ltr'>M.</span> <span class='ocrx_word' id='word_1_306' title='bbox 868 4306 898 4371; x_wconf 89' lang='lat' dir='ltr'>Ii</span> <span class='ocrx_word' id='word_1_307' title='bbox 925 4308 986 4373; x_wconf 88' lang='lat'>130</span> <span class='ocrx_word' id='word_1_308' title='bbox 1010 4328 1040 4372; x_wconf 92' lang='lat' dir='ltr'>u.</span> <span class='ocrx_word' id='word_1_309' title='bbox 1065 4308 1153 4387; x_wconf 73' lang='lat'><strong>564.)</strong></span> 
     </span>
    </p>

    <p class='ocr_par' dir='ltr' id='par_1_19' title="bbox 158 4410 1405 4601">
     <span class='ocr_line' id='line_1_41' title="bbox 261 4410 1405 4495; baseline -0.003 -14"><span class='ocrx_word' id='word_1_310' title='bbox 261 4410 334 4481; x_wconf 74' lang='lat'>131.</span> <span class='ocrx_word' id='word_1_311' title='bbox 359 4412 436 4478; x_wconf 86' lang='lat' dir='ltr'>Cum</span> <span class='ocrx_word' id='word_1_312' title='bbox 460 4410 573 4494; x_wconf 84' lang='lat' dir='ltr'>aliquis</span> <span class='ocrx_word' id='word_1_313' title='bbox 594 4411 625 4475; x_wconf 92' lang='lat' dir='ltr'>in</span> <span class='ocrx_word' id='word_1_314' title='bbox 648 4410 792 4476; x_wconf 88' lang='lat' dir='ltr'>districtu</span> <span class='ocrx_word' id='word_1_315' title='bbox 807 4412 951 4477; x_wconf 88' lang='lat' dir='ltr'>sacerdos</span> <span class='ocrx_word' id='word_1_316' title='bbox 967 4415 1158 4495; x_wconf 84' lang='lat' dir='ltr'>aegrotatur,</span> <span class='ocrx_word' id='word_1_317' title='bbox 1182 4432 1252 4478; x_wconf 90' lang='lat' dir='ltr'>eum</span> <span class='ocrx_word' id='word_1_318' title='bbox 1269 4412 1405 4492; x_wconf 85' lang='lat' dir='ltr'>visitent,</span> 
     </span>
     <span class='ocr_line' id='line_1_42' title="bbox 158 4514 1404 4601; baseline 0 -20"><span class='ocrx_word' id='word_1_319' title='bbox 158 4518 190 4582; x_wconf 91' lang='lat' dir='ltr'>et</span> <span class='ocrx_word' id='word_1_320' title='bbox 212 4516 239 4582; x_wconf 87' lang='lat' dir='ltr'>si</span> <span class='ocrx_word' id='word_1_321' title='bbox 262 4517 389 4601; x_wconf 77' lang='lat' dir='ltr'>grauium</span> <span class='ocrx_word' id='word_1_322' title='bbox 410 4516 596 4594; x_wconf 87' lang='lat' dir='ltr'>infirmatur,</span> <span class='ocrx_word' id='word_1_323' title='bbox 621 4514 820 4581; x_wconf 89' lang='lat' dir='ltr'>Ordinarium</span> <span class='ocrx_word' id='word_1_324' title='bbox 845 4516 1006 4580; x_wconf 88' lang='lat' dir='ltr'>certiorem</span> <span class='ocrx_word' id='word_1_325' title='bbox 1031 4517 1157 4583; x_wconf 86' lang='lat' dir='ltr'>iaciant.</span> <span class='ocrx_word' id='word_1_326' title='bbox 1195 4516 1228 4583; x_wconf 90' lang='lat' dir='ltr'>Si</span> <span class='ocrx_word' id='word_1_327' title='bbox 1252 4518 1404 4600; x_wconf 87' lang='lat' dir='ltr'>parochus</span> 
     </span>
    </p>
   </div>
   <div class='ocr_carea' id='block_1_12' title="bbox 265 4662 865 4737">
    <p class='ocr_par' dir='ltr' id='par_1_20' title="bbox 265 4662 865 4737">
     <span class='ocr_line' id='line_1_43' title="bbox 265 4662 865 4737; baseline -0.002 -17"><span class='ocrx_word' id='word_1_328' title='bbox 265 4666 291 4735; x_wconf 91' lang='lat' dir='ltr'>l)</span> <span class='ocrx_word' id='word_1_329' title='bbox 310 4665 452 4737; x_wconf 85' lang='lat' dir='ltr'>praecipuo</span> <span class='ocrx_word' id='word_1_330' title='bbox 469 4665 536 4730; x_wconf 91' lang='lat' dir='ltr'>loco,</span> <span class='ocrx_word' id='word_1_331' title='bbox 557 4662 688 4719; x_wconf 75' lang='lat' dir='ltr'>uiae-111.</span> <span class='ocrx_word' id='word_1_332' title='bbox 707 4664 776 4721; x_wconf 81' lang='lat'><strong>1896</strong></span> <span class='ocrx_word' id='word_1_333' title='bbox 794 4664 823 4721; x_wconf 81' lang='lat' dir='ltr'>S.</span> <span class='ocrx_word' id='word_1_334' title='bbox 839 4665 865 4719; x_wconf 92' lang='lat'>1.</span> 
     </span>
    </p>
   </div>
   <div class='ocr_carea' id='block_1_13' title="bbox 0 0 1654 4917">
    <p class='ocr_par' dir='ltr' id='par_1_21' title="bbox 0 0 1654 4917">
     <span class='ocr_line' id='line_1_44' title="bbox 0 0 1654 4917; baseline 0 0"><span class='ocrx_word' id='word_1_335' title='bbox 0 0 1654 4917; x_wconf 95' lang='lat' dir='ltr'> </span> 
     </span>
    </p>
   </div>
  </div>
 </body>
</html>
