3275 4917
240 214 306 282 334
347 232 407 291 neo
429 231 513 289 xrrr.
535 231 644 289 surra.-
664 229 876 290 cucusenam
894 236 1035 308 arpenas
1055 236 1123 293 aa.
1141 234 1191 291 so.
1211 236 1288 294 noa.
1305 236 1389 293 aser.

241 408 378 493 primunt
401 404 637 491 splendideque,
668 404 836 474 declarant.
880 406 1076 493 Quapropter
1097 429 1168 475 nera
1191 408 1310 476 Christi
1331 410 1487 491 Ecclesia,
1618 439 1619 444 ¹

240 512 323 578 sient
345 529 526 596 mapnopere
549 508 654 576 studet
676 528 712 575 ea
732 512 888 577 custodire
919 513 1070 579 inuiolata
1103 533 1199 598 qnae,
1228 516 1337 598 utpote
1368 515 1488 597 divina,

241 615 449 682 immutabilia
470 614 600 699 accepit,
620 615 667 679 ita
688 614 719 680 in
743 617 928 701 usurpandis
943 617 1121 683 eorumdem
1139 618 1247 685 formis
1264 638 1486 703 nonnunquam

240 720 380 788 concedit
402 719 473 786 nori
495 718 621 803 aliquid¹
637 719 684 784 rel
710 719 863 805 indulget,
886 723 918 787 in
940 722 978 787 iis
1001 723 1182 805 praesertim
1207 742 1287 807 qnae
1306 742 1376 789 oum
1392 743 1490 789 nene-

241 825 331 893 rabili
355 824 541 908 antiquitate
564 824 756 889 conueniant.
801 824 869 891 Hoc
891 826 984 891 etiarn
1015 827 1104 893 modo
1134 829 1165 893 et
1196 828 1262 893 eins
1292 828 1374 893 ritae
1404 847 1488 893 nun-

240 948 332 1015 quam
356 927 543 994 senescentis
567 927 707 1010 proditur
731 928 786 1006 vis,
810 932 844 993 et
867 929 935 1014 ipsa
957 930 1210 1015 magnificentius
1233 932 1350 997 Christi
1370 951 1487 1016 sponsa

240 1034 379 1111 excellit,
412 1051 504 1118 quarn
534 1034 709 1098 sanctornm
744 1034 870 1099 Petrum
901 1036 1054 1119 sapientia
1086 1036 1182 1103 ueluti
1210 1036 1428 1103 adumbratam
1451 1038 1484 1102 in

240 1138 333 1206 elicto
355 1137 482 1223 agnovit
504 1135 643 1202 donidio:
666 1138 779 1203 Asterie
800 1138 912 1223 rapina
935 1162 956 1206 a
978 1141 1100 1207 dextris
1121 1141 1186 1207 tuis
1205 1142 1242 1207 in
1260 1142 1482 1208 emorousae

239 1248 319 1321 rato,
342 1241 536 1308 circumdato
557 1242 709 1308 uarietate
732 1292 790 1309 ...
813 1243 848 1308 r'n
866 1244 1006 1325 fimbriis
1028 1246 1145 1324 aureis,
1167 1245 1405 1313 circumamicto
1425 1268 1484 1312 ea·

239 1347 402 1413 rietolibcs
423 1344 488 1431 (Ps.
512 1344 639 1431 XLIV).

342 1448 493 1531 Quoniam
515 1450 613 1534 igitur
636 1450 711 1515 baec
732 1450 776 1515 rei
800 1451 965 1536 liturgioae
981 1450 1222 1537 disciplinaeque
1238 1453 1399 1519 orientalis
1416 1455 1484 1518 iure

240 1556 369 1639 probata
392 1555 543 1635 varietas,
576 1556 697 1637 praeter
725 1557 844 1621 ceteras
867 1556 990 1634 laudes,
1021 1558 1051 1621 in
1081 1559 1205 1623 tantum
1232 1557 1325 1623 decus
1357 1558 1481 1622 utilita-

239 1662 363 1745 temque
386 1658 542 1725 llcclesiae
565 1659 763 1738 consortitur,
783 1678 818 1726 eo
839 1678 898 1725 non
915 1661 1015 1724 minus
1032 1661 1207 1743 pertineant
1223 1662 1359 1745 muneris
1374 1661 1483 1729 Nostri

239 1768 341 1850 partes
364 1765 501 1848 oportet,
531 1766 614 1829 recte
641 1766 677 1829 ut
698 1765 740 1829 sit
762 1764 954 1840 consultum,
984 1784 1022 1829 nn
1052 1764 1126 1850 quid
1158 1766 1342 1831 incommodi
1364 1766 1483 1851 impru-

237 1869 346 1935 denter
368 1869 496 1953 obrepet
519 1868 558 1933 ab
582 1867 824 1934 occidentalibus
848 1869 1009 1953 Evangelii
1033 1869 1238 1950 administris,
1261 1870 1343 1954 quod
1366 1870 1405 1935 ad
1429 1890 1484 1937 eas

239 1975 346 2059 gentes
369 1972 485 2039 Christi
510 1972 623 2039 caritas
648 1975 768 2058 urgeat.
801 2010 842 2020 -
875 1974 957 2039 itata
985 1973 1108 2058 quidem
1136 1977 1318 2060 permanent
1347 1993 1425 2059 quae
1448 1976 1483 2040 in

239 2079 295 2144 boc
317 2077 505 2144 Benedictus
526 2076 619 2155 XIV,
647 2077 795 2144 Decessor
819 2078 931 2143 Noster
954 2077 1098 2159 illustris,
1123 2078 1277 2164 sapienter
1293 2079 1481 2163 provideque

239 2181 375 2249 decrerit
396 2200 449 2265 per
472 2181 731 2249 constitutionem
754 2182 1011 2262 Demondotom,
1041 2182 1073 2248 in
1105 2184 1205 2251 forma
1234 2184 1400 2268 epistolae,
1430 2184 1484 2249 die

237 2286 345 2353 datam
378 2285 430 2351 24.
461 2286 638 2352 Decembris
673 2304 752 2351 anno
790 2285 890 2363 1743,
928 2286 967 2351 ad
1002 2287 1217 2354 Patriarcham
1253 2288 1481 2354 Antiochenam

239 2391 424 2457 Graecorum
455 2388 674 2455 Nelohitarnm
705 2409 872 2475 omnesque
904 2391 1041 2456 eiusdem
1072 2392 1152 2456 ritus
1184 2392 1349 2476 llpiscopos
1378 2390 1478 2456 eidem

241 2494 439 2563 Patrisrcbao
459 2493 622 2560 subiectos.
646 2495 770 2573 Verum,
794 2495 909 2561 aetatis
933 2495 1062 2562 decursu
1087 2515 1145 2561 non
1168 2495 1264 2575 breui,
1290 2496 1404 2562 noratis
1419 2514 1475 2577 per

238 2618 275 2666 ea
294 2598 361 2666 loca
383 2617 486 2664 rernm
508 2597 749 2678 conditionibus,
779 2602 872 2684 atque
901 2599 1008 2665 latinis
1031 2599 1235 2666 Missionariis
1261 2599 1476 2683 lustitntisqus

237 2702 352 2770 ibidem
376 2703 608 2788 multiplicatis,
637 2702 756 2769 iactum
786 2705 835 2770 est
857 2706 893 2769 nt
916 2704 1086 2787 peculiares
1108 2704 1260 2789 quaedam
1284 2704 1481 2787 apostolicae

237 2808 325 2875 Sedis
348 2827 438 2874 curae
459 2808 489 2872 in
513 2808 620 2874 eadem
637 2826 730 2875 causa
745 2810 999 2892 exposcereotnr:
1023 2808 1102 2893 qnod
1118 2812 1202 2874 certe
1219 2810 1480 2893 peropportunum

237 2913 318 2995 lore,
352 2914 459 2979 crebra
490 2932 543 2995 per
567 2914 658 2979 bosoe
680 2930 776 2977 annos
799 2913 958 2979 occasione
979 2913 1170 2997 Nosmetipsi
1194 2931 1418 2997 cognoramus,
1449 2916 1483 2977 et

237 3018 391 3085 desideria
413 3017 600 3102 aequissima
622 3016 881 3083 confirmaverant
898 3016 1128 3084 venerabilium
1145 3018 1290 3083 Fratrum
1306 3018 1336 3081 in
1353 3016 1482 3084 Oriente

223 3122 500 3198 ,Patriarobarum
524 3139 581 3186 non
606 3121 699 3187 semel
724 3121 762 3186 ad
784 3120 850 3187 Nos
873 3121 987 3187 delata.
1025 3119 1092 3202 Quo
1116 3123 1220 3188 autem
1244 3122 1342 3187 totius
1363 3122 1482 3207 negotii

238 3225 374 3311 apertius
397 3226 518 3310 pateret
539 3244 670 3304 summa,
694 3226 888 3310 aptioresque
910 3224 1090 3310 providendi
1114 3226 1248 3292 rationes
1267 3225 1480 3304 definirentur,

237 3328 358 3398 eosdem
389 3328 588 3396 Patriarchas
623 3329 704 3395 baud
734 3329 778 3396 ita
811 3330 929 3414 pridem
961 3330 993 3395 in
1026 3329 1140 3396 Urbem
1172 3329 1321 3396 advocare
1352 3330 1480 3414 placuit,

236 3434 419 3521 quibuscum
443 3434 738 3501 communicaremus
761 3433 900 3501 consilia.
946 3434 1025 3500 Tum
1049 3454 1115 3515 eos,
1151 3453 1211 3499 nna
1233 3454 1303 3500 oum
1324 3434 1482 3500 nonnullis

238 3539 368 3606 Dilectis
389 3539 476 3605 liliis
499 3540 622 3605 Nostris
643 3538 674 3607 S.
700 3539 734 3607 R.
757 3540 792 3605 ll.
815 3537 1042 3618 (landinalibns,
1065 3558 1167 3605 coram
1191 3538 1229 3604 ad
1246 3538 1479 3604 deliberandum

236 3644 389 3730 frequenti
412 3643 626 3727 congressione
650 3643 824 3711 babuimus.
849 3680 888 3691 -
912 3642 956 3708 lis
979 3646 1083 3709 autem
1108 3644 1198 3709 rebus
1218 3644 1377 3722 omnibns,
1401 3662 1482 3728 quae

235 3748 439 3815 communiter
460 3746 633 3831 propositae
657 3748 688 3813 et
711 3749 852 3832 agitatae
874 3750 956 3825 sunt,
982 3748 1133 3815 meditate
1156 3749 1333 3832 perpensis,
1356 3747 1481 3814 induxi·

237 3870 305 3919 rnna
335 3850 473 3917 animum
507 3854 592 3917 certa
623 3851 774 3936 quaedam
810 3851 947 3918 eiusdem
988 3851 1207 3918 Benedictinae
1239 3850 1481 3918 Constitutionis

237 3956 435 4040 praescripta,
458 3960 662 4041 congruenter
681 3957 766 4023 noris
780 3973 886 4023 earum
904 3956 1044 4041 gentium
1060 3956 1262 4041 temporibus,
1278 3955 1481 4040 explicatiora

235 4061 336 4127 iacere
355 4064 388 4127 et
410 4060 567 4145 ampliora.
606 4060 641 4126 In
665 4080 724 4145 qno
749 4062 950 4145 praestando,
983 4061 1039 4127 boc
1057 4063 1217 4145 tamqnam
1239 4060 1423 4145 principium
1443 4076 1482 4123 ex

234 4167 303 4251 ipsa
324 4164 586 4251 deprompsimus,
618 4165 792 4233 sacerdotes
815 4184 925 4249 nempe
948 4166 1062 4231 latinos
1082 4184 1117 4231 eo
1141 4167 1266 4232 tanturn
1289 4163 1416 4231 consilio
1439 4163 1480 4229 ab

237 4270 414 4355 Apostolics
432 4268 511 4336 Sede
532 4272 563 4335 in
586 4270 657 4336 illas
681 4272 820 4355 regiones
843 4270 938 4348 mitti,
961 4273 996 4336 ut
1015 4271 1079 4335 sint
1098 4270 1289 4337 Patriarohis
1304 4273 1336 4336 et
1354 4268 1478 4354 Episco-

235 4376 283 4460 pis
304 4375 342 4442 in
363 4374 557 4442 memorium
578 4382 607 4441 et
628 4374 784 4457 beonnam
806 4376 896 4441 cauto
916 4377 1077 4457 propterea
1093 4396 1131 4441 nc
1145 4376 1258 4442 utendo
1271 4373 1483 4458 fucabatibrrs

234 4480 296 4546 sibi
317 4480 479 4557 concessis,
502 4498 610 4544 eornm
629 4478 844 4544 iurisdictioni
857 4479 1093 4560 promudicinm
1108 4480 1251 4561 inferant
1267 4484 1297 4544 et
1313 4498 1482 4545 nurnerum

233 4583 427 4650 additarum
447 4582 638 4647 imminuant
660 4580 778 4667 (Const.
808 4580 1039 4649 Derrrondutnm
1057 4604 1088 4647 ιι.
1114 4583 1186 4669 13)r
1219 4600 1254 4646 er
1278 4601 1339 4665 quo
1358 4580 1481 4665 perspi·
