3275 4917
307 242 352 296 De
375 241 552 309 Disciplina
573 239 783 296 Orientalium
802 242 1019 296 conservanda
1038 246 1068 297 et
1085 243 1211 299 tuanen.
1317 222 1381 289 335

138 430 229 477 cunm
261 412 346 477 extat
375 410 486 493 quibus
517 410 639 495 legibus
661 409 765 477 officia
786 410 966 476 eorumdem
990 411 1168 478 Latinorum
1192 412 1231 478 ad
1254 412 1381 478 Hierat-

138 515 240 580 cbiam
265 515 457 581 Orientalem
479 515 549 584 siut¹
564 515 776 599 temperanda.

241 637 350 721 Itaque
382 654 482 703 rerum
520 638 622 721 capita
655 656 732 723 quae
769 641 941 721 sequnntur
975 638 1040 703 visa
1075 639 1149 705 sont
1182 640 1213 704 in
1250 637 1382 706 Domino

140 741 372 825 praescribenda
395 743 427 807 et
448 741 621 819 sancienda,
647 745 682 806 ut
706 740 847 819 lecimus,
874 742 1053 825 apostolica
1076 742 1149 807 lulti
1173 743 1382 822 auctoritate,

139 847 202 910 iam
227 864 306 910 nnnc
328 844 520 910 declarantes
544 846 623 910 velle
647 846 709 910 Nos
733 848 827 930 atque
850 845 970 910 edicere
993 838 1159 913 ut'esdem
1180 848 1383 915 benedictina

140 950 277 1028 decreta,
309 968 386 1032 quac
414 947 540 1014 Graecis
564 948 720 1015 blelcbitis
749 949 892 1033 primitus
919 949 995 1014 data
1024 953 1111 1030 sunt,
1139 949 1246 1016 fideles
1276 971 1382 1018 omncs

139 1054 275 1119 cuiusvis
299 1054 330 1119 in
354 1051 481 1120 Oriente
504 1054 583 1118 ritus
607 1053 745 1119 universe
768 1054 942 1137 attingant.

242 1192 267 1260 1.
292 1192 506 1257 Missienarius
526 1192 658 1277 quilibet
678 1193 804 1273 latinus,
828 1213 845 1258 e
866 1193 947 1260 clero
969 1195 1138 1273 saeculari,
1162 1197 1209 1263 vel
1232 1198 1381 1281 regulari,

138 1299 190 1382 qui
213 1297 395 1363 orientalem
424 1297 599 1380 quempiam
625 1297 662 1361 ad
689 1298 820 1362 latinum
845 1298 941 1362 ritum
965 1297 1091 1364 consilio
1115 1288 1266 1365 auxiliove
1290 1301 1379 1366 indu·

138 1406 207 1479 cat,
230 1404 353 1484 praeter
375 1402 608 1483 saepensionem
630 1401 790 1467 edivinia
812 1421 905 1485 quam
928 1404 996 1484 ipso
1015 1402 1099 1485 sacto
1121 1404 1276 1485 incurret,
1298 1410 1382 1471 cete-

140 1524 248 1590 vasque
278 1524 390 1589 poenas
422 1522 475 1588 per
510 1504 650 1570 eanvdsm
682 1504 940 1571 constitutionem
972 1504 1206 1573 Deacndatom
1236 1508 1380 1589 inflictas,

137 1611 238 1676 cilicio
267 1630 321 1693 sno
348 1610 485 1694 privetur
508 1614 540 1673 et
564 1609 752 1676 excludatur.
808 1608 894 1690 Quae
928 1611 1128 1695 praescriptio
1162 1618 1197 1677 ut
1230 1615 1316 1678 certa
1349 1615 1382 1679 et

138 1714 228 1779 lirma
250 1716 417 1792 consistet,
442 1713 597 1797 exemplar
620 1714 686 1780 eius
710 1716 814 1796 patere
839 1714 1001 1799 vulgatum
1022 1714 1104 1799 apud
1128 1714 1306 1782 Latinorum
1331 1737 1383 1784 ee·

138 1819 248 1884 olesiss
271 1818 424 1884 iubemus.

242 1947 284 2013 ll.
319 1948 379 2015 Ubi
410 1947 491 2013 desit
521 1948 634 2031 proprii
667 1947 746 2013 ritus
776 1948 917 2013 sacerdos
944 1949 992 2013 oui
1017 1950 1200 2016 Petriercba
1222 1952 1381 2019 orientalis

140 2052 265 2118 mandet
300 2051 492 2136 spiritualem
531 2071 654 2118 snorum
690 2051 1014 2130 administrationem,
1055 2054 1100 2119 ibi
1139 2074 1242 2121 eornm
1275 2076 1379 2123 curam

141 2158 291 2241 suscipiet
315 2156 471 2223 Parocbns
494 2156 588 2221 alieni
606 2158 684 2222 ritus
700 2157 753 2241 qui
769 2156 892 2223 easdem
910 2159 1002 2241 atque
1016 2158 1074 2242 ipsi
1089 2160 1215 2243 species,
1238 2180 1380 2247 azymum

140 2263 188 2327 vel
212 2262 449 2338 fermentatum,
480 2262 518 2326 ad
547 2262 785 2328 consecrandum
817 2261 983 2339 adhibeat3
1018 2263 1210 2331 anteferatur
1241 2266 1295 2350 qui
1328 2285 1381 2332 eas

138 2366 286 2433 adhibeat
302 2366 364 2432 ritu
382 2366 536 2433 orientali.
561 2404 603 2413 -
630 2366 786 2432 llidelibus
802 2370 908 2433 autem
923 2368 966 2433 sit
983 2367 1115 2434 incultas
1131 2370 1379 2436 communicandi

139 2472 255 2538 utrovis
278 2472 351 2547 ritu,
375 2490 434 2536 nou
457 2471 502 2537 eis
526 2471 741 2537 tantummodo
764 2472 840 2538 locis
864 2472 915 2538 nbi
940 2472 1026 2537 nulla
1049 2473 1179 2539 ecclesie
1202 2492 1257 2540 nec
1278 2493 1379 2541 sacer·

137 2576 191 2641 dos
214 2576 261 2641 sui
285 2575 399 2659 proprii
422 2575 500 2641 ritus
524 2576 686 2654 habeatur,
711 2578 800 2659 prout
823 2594 842 2640 a
864 2596 951 2641 sacro
974 2575 1109 2642 Consilio
1131 2578 1300 2645 christiano
1322 2599 1379 2646 no·

138 2680 214 2743 mini
242 2678 438 2764 propagando
469 2680 625 2745 decretum
657 2681 705 2744 est
728 2680 777 2743 die
806 2680 855 2745 18.
880 2681 1015 2765 Augusti
1039 2699 1118 2747 anno
1142 2681 1242 2760 1893,
1274 2700 1379 2749 verum

138 2784 231 2848 etiam
256 2783 325 2860 ubi,
357 2785 480 2867 propter
503 2783 763 2867 longinquitatem
784 2784 933 2849 ecclesiae
956 2802 1046 2862 snae,
1077 2804 1135 2851 uon
1159 2803 1228 2851 sam
1252 2788 1379 2870 possint,

138 2887 198 2952 nisi
217 2906 287 2951 cum
312 2887 400 2971 gravi
423 2885 630 2965 incommodo,
662 2886 765 2953 adire:
797 2887 836 2953 de
861 2906 921 2971 qno
953 2887 1108 2955 Ordiuarii
1130 2891 1197 2955 esto
1219 2890 1378 2958 iudicium.

139 2992 234 3075 ldque
257 2990 350 3056 linum
374 2990 525 3068 resideat,
557 3010 627 3056 enm
653 2992 704 3077 qui
738 2992 836 3058 alieno
863 2992 928 3058 ritu
951 2991 999 3060 vel
1021 2993 1075 3059 diu
1093 2994 1379 3075 communicaverit,

138 3115 195 3161 non
220 3097 380 3179 propterea
402 3094 585 3161 censendum
612 3099 747 3163 mutasse
771 3097 881 3174 ritum,
913 3097 967 3163 sed
991 3099 1020 3164 in
1045 3099 1157 3165 ceteris
1177 3099 1288 3166 officiis
1312 3119 1378 3167 om·

138 3201 228 3265 nibus
251 3218 444 3283 perseverare
473 3201 608 3267 Parocbo
630 3219 685 3266 suo
707 3200 877 3267 addictum.

239 3330 298 3395 111.
344 3329 531 3397 Sodalitatcs
563 3332 786 3415 Religiosomm
816 3331 951 3411 latinae,
986 3351 1065 3417 qnae
1097 3333 1252 3401 iuventuti
1287 3334 1379 3403 insti·

137 3435 269 3501 tuendas
292 3436 323 3500 in
347 3434 474 3501 Oriente
498 3434 574 3501 daut
605 3455 746 3519 operam,
774 3436 800 3502 si
832 3456 892 3521 quo
922 3438 952 3502 in
983 3436 1115 3523 collegio
1146 3438 1287 3507 alumnos
1316 3441 1380 3507 ritu

137 3538 279 3605 orientali
303 3559 360 3605 non
385 3558 496 3623 paucos
520 3543 691 3620 quererent,
713 3539 905 3607 sacerdotem
926 3541 1062 3634 eiusdem
1082 3542 1172 3620 ritus,
1196 3543 1380 3610 Patriareba

137 3643 288 3723 consulto,
313 3644 394 3728 apud
417 3662 450 3710 se
474 3644 608 3710 babeant
631 3645 766 3729 ipsorum
790 3645 950 3712 commodo
973 3644 1187 3725 alumnorum,
1207 3647 1245 3713 ad
1267 3648 1380 3714 missae

137 3746 341 3827 sacrificinm,
371 3747 409 3814 ad
431 3767 550 3815 sacram
573 3750 733 3835 synaxim,
764 3750 802 3815 ad
835 3750 1020 3817 catecbeeim
1051 3751 1154 3835 patris
1183 3751 1291 3836 lingua
1319 3751 1378 3817 im-

136 3850 327 3933 pertiendam
363 3852 500 3937 ritusque
534 3853 745 3937 explicandos:
775 3856 831 3919 ant
861 3854 971 3920 saltem
1002 3854 1111 3921 diebus
1140 3853 1301 3923 dominicis
1328 3876 1379 3923 ce·

137 3954 271 4039 terisque
287 3955 324 4021 de
341 3960 503 4040 praecepto
522 3958 753 4024 occurrentibus
774 3959 863 4024 lestis
885 3957 982 4024 talem
1002 3958 1192 4025 sacerdotem
1211 3964 1378 4042 arcessant,

138 4078 174 4125 es
207 4058 309 4125 ollicia
346 4062 576 4144 praestiturum.
636 4060 736 4145 Quam
773 4062 811 4129 ob
843 4081 968 4129 oausam
1001 4063 1117 4130 eisdem
1152 4062 1379 4131 sodalitatibus

136 4164 262 4249 quaevis
285 4164 464 4250 privilegia,
496 4166 591 4233 etiam
614 4166 742 4251 speciali
766 4155 920 4235 mentione
941 4168 1054 4253 digna,
1088 4169 1200 4254 quibus
1222 4170 1380 4255 gaudeant

137 4272 172 4334 ut
193 4268 312 4335 alumni
334 4268 494 4335 orientalis
517 4270 606 4351 ritus,
629 4272 778 4356 quamdiu
800 4271 833 4336 in
856 4272 998 4357 collegiis
1021 4272 1157 4357 ipsarum
1181 4273 1309 4357 degant,
1331 4273 1378 4340 la·

137 4373 236 4440 tinum
259 4375 436 4457 aequantur,
460 4374 605 4459 adempta
627 4394 692 4441 esse
715 4376 816 4442 omnin
838 4376 1007 4443 edicimus:
1030 4376 1068 4442 de
1088 4376 1253 4443 ritualibus
1273 4378 1377 4443 antem

137 4476 332 4544 abstinentiis
361 4478 519 4545 servandis
553 4479 760 4546 moderatores
789 4499 860 4547 cnm
891 4481 1039 4567 religiosa
1061 4480 1218 4566 aequitate
1241 4481 1377 4548 videant.

137 4616 178 4627 -
201 4580 279 4646 Item
303 4582 438 4649 alumnis
461 4583 595 4650 externis
617 4583 837 4668 prospiciatur:
859 4604 935 4671 qnos
958 4586 998 4651 ad
1021 4586 1159 4670 proprias
1175 4584 1312 4669 ipsorum
1328 4601 1379 4651 ec·
