3275 4917
248 228 310 284 Leo
329 228 416 285 XIII.
436 228 547 283 Bulla:
567 228 778 285 Orientalium
798 230 938 299 dipodius
957 229 1022 289 M·
1041 228 1093 287 30.
1110 230 1187 285 Noa.
1206 230 1292 287 1894.
1332 215 1397 281 833

154 401 212 467 bac
233 402 302 485 ipsa
324 402 356 467 in
380 400 462 467 Urbe
482 400 604 467 clericis
627 402 781 468 Armeniis
797 403 830 467 et
846 400 1010 466 Maronitis
1025 400 1235 483 Instituendis,
1259 404 1396 488 itemque

154 506 361 590 Philippopoli
396 508 428 571 et
463 505 685 589 Hadrianopoli
718 525 772 590 pro
809 505 971 589 Balgatia,
1006 506 1222 587 condidimus;
1264 509 1397 574 Athenis

154 611 340 677 Leonianum
364 609 555 676 condendum
579 610 788 685 decrevimns;
820 610 916 676 etiam
938 610 1104 677 seminaris
1126 616 1252 677 sanctae
1275 614 1396 693 Annae,

153 713 233 798 quod
257 714 499 799 Hierosolymae,
523 714 596 780 cleri
621 714 731 781 Graeci
756 714 925 781 Melchitas
947 714 1096 781 educendi
1118 735 1229 795 causa,
1254 723 1397 802 coeptum

153 821 210 897 cst,
233 822 378 885 maiorem
398 819 430 883 in
453 818 577 884 modurn
600 819 748 885 lavemus.
779 819 814 884 ln
834 838 870 883 eo
893 820 1053 902 praeterea
1075 839 1182 886 sumus
1198 823 1233 886 ut
1250 820 1394 905 Syrorum

154 942 315 989 numerum
338 923 370 987 in
394 923 529 987 alumnis
552 923 684 1007 collegii
711 922 876 989 Urbaniani
909 942 1097 1010 augeamns3
1129 927 1224 1008 utque
1255 926 1396 992 Athana·

153 1026 273 1093 sianum
298 1026 486 1093 Graecorum
509 1026 548 1092 ad
573 1027 735 1111 pristinum
759 1028 963 1093 restituamus
985 1027 1180 1107 institutum,
1212 1030 1293 1113 quod
1317 1030 1394 1097 Ora·

153 1133 258 1216 gorius
281 1130 381 1211 x111,
405 1132 569 1197 munificus
593 1136 710 1209 auctor,
733 1132 888 1215 sapienter
911 1132 1019 1212 voluit,
1041 1132 1122 1198 unde
1145 1134 1203 1199 viri
1226 1135 1397 1201 extiterunt

153 1235 329 1301 clarissimi.
375 1236 470 1301 Plura
501 1238 632 1313 veroin
665 1240 721 1301 boc
749 1235 906 1320 similique
926 1255 1037 1319 genere
1060 1238 1189 1321 experiri
1215 1238 1280 1305 Nos
1301 1243 1396 1323 atque

153 1339 273 1406 allicere
297 1359 393 1424 posse,
418 1358 453 1406 eo
476 1357 557 1406 nunc
579 1340 807 1406 vehementiore
830 1340 990 1406 voluntate
1009 1344 1199 1425 exoptamus,
1223 1347 1396 1427 postquem,

153 1444 309 1529 aspirante
335 1446 414 1522 Deo,
445 1443 607 1510 consilium
640 1444 755 1510 iamdiu
787 1444 972 1511 meditatum
1004 1446 1187 1528 perfecimus
1218 1447 1395 1530 appellandi

152 1549 303 1633 singulari
327 1549 456 1633 epistola
479 1548 632 1633 principes
659 1552 691 1615 et
716 1549 842 1632 populos
868 1548 1025 1615 universos
1048 1548 1087 1614 ad
1109 1549 1229 1616 leIIcem
1253 1550 1325 1617 fidei
1348 1551 1397 1617 di·

155 1653 242 1719 sinae
266 1655 429 1719 unitatem.
465 1653 585 1736 Nempe
608 1653 689 1719 iuter
712 1653 898 1719 christianas
917 1656 1026 1738 gentes
1049 1653 1229 1720 calamitose
1248 1654 1396 1734 divulsas,

153 1757 251 1840 primo
268 1758 336 1825 locs
352 1757 528 1824 Orientalcs
544 1776 662 1835 nccare,
679 1757 848 1851 adhortari,
866 1758 1026 1825 obsecrare
1039 1758 1263 1836 contendimus,
1278 1762 1398 1844 quanta

154 1860 288 1925 maxima
318 1862 475 1945 potuimus
505 1861 675 1944 apostolica
701 1866 733 1928 et
763 1863 894 1945 paterna
921 1863 1062 1931 caritate.
1108 1863 1287 1931 Inchoatam
1311 1882 1395 1948 spem

153 1965 290 2047 quotidie
322 1966 421 2050 magis
454 1966 547 2031 loreri
582 1965 803 2049 periucundum
836 1965 950 2032 accidit
984 1966 1098 2045 Nobis,
1132 1969 1311 2052 certumque
1337 1972 1396 2050 est,

154 2087 229 2151 opus
260 2071 325 2135 tarn
361 2068 496 2135 salutare
531 2069 649 2135 enixius
682 2069 844 2147 insistere;
878 2072 930 2150 ut,
961 2071 1110 2155 quidquid
1139 2090 1175 2137 ex
1199 2072 1396 2157 Apostolicae

153 2172 242 2239 Sedis
265 2172 459 2257 providentia
481 2174 635 2257 expectari
659 2175 772 2257 possit,
796 2174 961 2241 admodum
985 2175 1180 2259 expleamus,
1203 2196 1298 2260 quum
1322 2177 1395 2243 sub·

154 2278 311 2344 movendis
333 2278 503 2344 simultatis
526 2278 574 2344 sel
597 2280 778 2362 suspicionis
801 2280 912 2357 causis,
936 2282 1003 2345 tum
1019 2280 1146 2363 optimis
1161 2282 1332 2367 quibusque
1347 2302 1396 2348 re·

153 2382 378 2449 conciliationis
413 2383 573 2467 praesidiis
607 2382 814 2451 admovendis.
853 2420 892 2433 -
926 2384 1233 2451 Praestantissimum
1268 2386 1299 2450 id
1329 2404 1396 2454 csse

152 2486 375 2565 existimamus,
399 2487 438 2552 ad
459 2486 704 2553 incolumitatem
727 2488 908 2572 disciplinae
931 2488 1136 2555 Orientalium
1162 2491 1319 2574 propriae,
1345 2491 1396 2557 cui

153 2589 241 2656 valde
263 2610 385 2675 semper
404 2591 579 2671 tribuimus,
609 2592 747 2657 aurinum
770 2610 921 2675 curasque
944 2592 1086 2662 adiicere.
1129 2594 1197 2676 Qus
1219 2596 1250 2659 in
1273 2614 1306 2661 re
1330 2595 1392 2662 iam

153 2693 218 2760 Nos
240 2695 420 2759 clericorum
442 2694 587 2779 epbebais
610 2714 717 2761 earum
741 2697 882 2780 gentium
904 2697 1038 2779 proxime
1057 2697 1189 2763 conditis
1205 2698 1284 2763 banc
1299 2700 1395 2767 etiam

153 2796 294 2863 dedimus
316 2798 598 2881 praescriptionem,
623 2798 766 2866 dabimus
788 2800 918 2865 eandem
939 2799 1117 2880 condendis,
1141 2803 1177 2866 ut
1195 2803 1331 2868 maxima
1347 2822 1394 2869 re·

153 2901 269 2987 ligione
293 2902 371 2967 ritus
394 2902 497 2968 colant
518 2905 550 2969 et
572 2902 735 2969 observent
749 2922 829 2981 suos,
851 2903 883 2968 in
897 2902 1002 2988 eisque
1018 2905 1227 2989 cognitionem
1244 2925 1395 2991 usumque

153 3005 270 3071 alumni
292 3008 427 3089 capient.
472 3005 630 3092 Siquidem
656 3007 687 3071 in
709 3008 827 3073 rituum
850 3007 1047 3075 orientalium
1069 3009 1299 3076 conservatione
1325 3010 1395 3095 plus

152 3110 234 3177 inest
256 3129 349 3194 quam
372 3111 455 3176 credi
479 3110 577 3194 possit
600 3111 757 3179 momenti.
799 3112 945 3197 Augusta
967 3113 1067 3191 euim,
1097 3131 1160 3198 qua
1182 3114 1268 3181 raris
1289 3133 1327 3180 ea
1348 3114 1393 3181 ri·

153 3215 242 3280 tuom
262 3234 375 3300 genera
398 3215 610 3293 nobilitantur,
635 3216 815 3301 antiquitas,
840 3218 872 3282 et
895 3218 1052 3301 praeclaro
1075 3220 1318 3287 accrescente
1334 3218 1394 3287 uc·

153 3319 265 3385 clesiae
287 3319 388 3399 omui,
419 3321 452 3387 et
478 3318 549 3387 fidei
579 3322 750 3387 catholicae
782 3320 919 3386 divinam
950 3322 1104 3388 unitatem
1125 3321 1271 3389 aldrmat.
1317 3323 1395 3390 Inde

152 3424 323 3504 enimvero,
357 3424 431 3491 dum
462 3444 519 3491 sua
552 3424 723 3509 praecipuis
755 3424 891 3493 Orientis
924 3426 1073 3493 Ecclesiis
1106 3427 1277 3511 apostolica
1308 3428 1395 3513 origo

152 3529 295 3595 testatior
319 3532 458 3608 constat3
493 3531 620 3613 apparet
653 3530 746 3595 simul
781 3534 812 3595 et
844 3530 943 3596 enitet
970 3529 1137 3597 earundem
1162 3545 1232 3597 cum
1255 3531 1396 3599 Romana

152 3652 247 3715 usque
271 3634 309 3701 ab
332 3633 463 3701 exordiis
486 3652 610 3700 summa
632 3634 818 3702 coniunctio.
863 3635 972 3720 Neque
994 3635 1080 3701 aliud
1104 3634 1233 3703 fornes
1255 3636 1395 3703 admira·

152 3736 246 3801 bilius
268 3739 316 3803 est
335 3737 374 3803 ad
398 3738 619 3807 mtbolicitutis
642 3740 745 3805 notam
769 3739 801 3804 iu
821 3738 960 3805 Ecclesia
975 3739 1032 3805 Dei
1047 3739 1276 3819 illustrandam,
1300 3759 1394 3825 qaam

153 3840 310 3924 singulare
333 3840 413 3927 quod
436 3842 465 3908 ei
488 3845 636 3926 praebent
650 3842 830 3928 obsequium
846 3842 984 3927 dispares
999 3844 1259 3911 caeremoniarum
1275 3845 1390 3912 formae

152 3944 331 4028 nobilesque
353 3948 518 4013 vetustatis
539 3948 681 4032 linguae,
711 3966 746 4013 ex
773 3949 841 4031 ipsa
870 3947 1089 4029 Apostolorum
1111 3950 1144 4016 et
1167 3950 1297 4015 Patrem
1319 3967 1394 4017 con·

152 4048 316 4115 suetudine
343 4049 524 4129 nobiliores;
557 4052 619 4117 tere
649 4051 687 4116 ad
718 4052 924 4117 imitationem
950 4052 1090 4136 obsequii
1120 4052 1281 4119 lectissimi
1312 4056 1394 4139 quod

153 4152 287 4234 Ohristo,
311 4152 415 4220 divino
439 4154 593 4221 Ecclesiae
615 4156 742 4235 auctori,
767 4155 938 4222 exhibitum
954 4161 1005 4223 est
1020 4158 1167 4238 nascenti,
1189 4177 1283 4242 quum
1305 4157 1395 4244 Magi

152 4277 187 4323 ex
224 4258 317 4323 variis
354 4256 491 4325 Orientis
525 4259 628 4345 plagis
660 4260 780 4326 desecti
817 4267 967 4328 emerunt
997 4310 1132 4330 .....
1161 4263 1395 4331 adorarem

152 4362 283 4446 (blattb.
308 4362 358 4441 Il,
384 4364 490 4449 1-2).
526 4400 568 4411 —
603 4363 669 4445 Quo
699 4364 765 4431 loco
800 4365 878 4431 illud
912 4368 984 4450 apte
1014 4366 1100 4433 cadit
1128 4366 1394 4447 animadvertisse,

151 4466 232 4549 quod
254 4467 333 4533 sacri
359 4466 456 4547 ritus,
486 4468 612 4535 tametsi
640 4488 693 4553 per
721 4488 754 4536 se
784 4468 926 4537 instituti
956 4489 1015 4536 non
1044 4472 1117 4536 sunt
1144 4470 1184 4535 ad
1212 4470 1394 4556 dogmatum

152 4570 372 4638 catholicorum
407 4572 608 4639 evincendam
638 4575 803 4641 veritatem
834 4573 940 4641 eadem
971 4576 1077 4641 tamen
1101 4574 1323 4659 propemodum
1342 4594 1400 4642 ex·.
