3275 4917
250 224 317 290 336
360 240 421 298 neo
442 238 526 295 rrrrr.
549 237 659 294 nerra.-
680 235 893 295 0rrearauam
910 241 1049 313 depactas
1069 240 1137 297 ae.
1154 238 1205 295 so.
1224 239 1301 297 voe.
1319 240 1402 296 reor.

253 414 363 481 clasiae
385 432 438 480 sen
461 411 563 478 curias
590 411 708 477 remitti
740 413 795 478 aut
827 410 951 495 perduci
981 411 1150 495 oportebit,
1182 412 1241 478 nisi
1272 412 1414 479 videatur
1444 430 1501 477 ecs

251 538 321 586 cum
343 518 473 583 internis
495 514 534 581 ad
557 514 695 581 eiusdem
716 515 796 581 ritus
818 515 922 581 cilicia
944 516 1162 583 admittendos.

356 622 411 687 lv.
435 619 551 687 bladam
575 620 764 705 praescripta
787 621 1000 686 tmnsterenda
1022 623 1105 701 sunt,
1128 621 1229 706 quoad
1244 621 1312 687 lieri
1327 622 1434 707 possit,
1454 621 1499 687 ad

253 728 479 812 Religiosarum
502 724 708 803 sodalitates,
741 725 852 810 puellis
883 726 1050 792 educandis
1078 726 1110 792 in
1139 726 1297 792 asceteriis
1320 726 1500 809 sobolisque

251 832 382 900 deditas.
427 828 515 911 Quod
540 830 565 895 si
588 848 649 913 qus
668 830 848 896 immutatio
870 850 922 915 per
945 832 1085 913 tempora
1113 833 1144 896 ct
1177 850 1224 895 res
1251 833 1423 914 opportuna
1446 830 1498 894 in·

252 937 378 1015 ciderit,
409 953 447 1002 en
477 953 536 999 non
567 935 640 999 ante
670 933 727 999 liat
748 953 842 1020 quam
864 935 1065 1002 Patriarcbae
1089 953 1253 1002 consensus
1275 934 1441 1001 accesserit
1463 936 1500 999 et

253 1042 341 1108 venia
365 1038 561 1123 spostolicae
581 1036 680 1107 Sedis.

356 1144 392 1212 V.
430 1143 527 1221 Nova,
552 1143 613 1207 ritu
637 1142 744 1223 latino,
768 1142 941 1210 inventutis
963 1143 1094 1229 collegia
1117 1144 1165 1210 vel
1187 1142 1296 1210 domus
1319 1145 1495 1230 Religioso·

253 1269 320 1316 rum
341 1247 489 1315 utriusvis
511 1265 600 1313 sexus
623 1266 660 1313 ne
681 1247 714 1311 in
735 1249 891 1333 posterum
914 1250 1110 1332 aperiantur,
1133 1248 1192 1313 nisi
1216 1249 1394 1334 Apostolica
1415 1249 1496 1316 Sede

253 1357 364 1441 rogata
385 1356 417 1419 et
438 1351 658 1419 consentiente.

356 1458 410 1526 vl.
449 1457 641 1542 Presbyteris
661 1458 731 1522 tum
754 1456 860 1521 latinis
883 1458 950 1522 tum
977 1458 1196 1537 orientalibus,
1228 1477 1327 1542 neque
1356 1460 1388 1523 in
1418 1458 1495 1535 suis,

252 1554 349 1649 neque
372 1564 402 1627 in
427 1561 520 1627 alieni
545 1562 623 1627 ritus
645 1561 794 1640 ecclesiis,
816 1561 862 1625 ias
885 1563 933 1627 est
954 1582 1140 1646 quemqnam
1164 1563 1321 1629 absolvere
1338 1564 1496 1629 acasibus

252 1668 305 1753 qui
327 1666 391 1733 suis
412 1667 560 1750 cuiusque
583 1664 755 1731 Ordinariis
778 1664 842 1731 sint
863 1668 1028 1744 reservati,
1061 1667 1121 1731 nisi
1142 1667 1291 1733 facultate
1314 1667 1353 1732 ab
1377 1667 1494 1733 eisdem

253 1772 420 1857 permissa:
451 1789 513 1855 qua
547 1770 578 1835 in
610 1789 644 1835 re
677 1769 805 1852 quodvis
841 1771 1060 1855 privilegium,
1093 1772 1141 1836 vel
1178 1771 1305 1855 speciali
1339 1771 1497 1838 mentione

252 1877 393 1963 dignum,
415 1894 538 1960 prorsus
561 1892 749 1940 revocamus.

358 1980 427 2046 llll.
467 1978 677 2046 Orientalibus
713 1978 766 2064 qni
803 1978 896 2043 ritum
931 1979 1083 2059 latinum,
1115 1979 1239 2045 etiamsi
1269 1990 1316 2047 ιιι·
1338 1980 1497 2064 pontificio

254 2084 418 2169 rescripto,
440 2083 645 2167 susceperint,
669 2087 822 2149 revertere
845 2082 883 2147 ad
906 2083 1088 2166 pristinum,
1123 2084 1302 2168 Apostolica
1324 2082 1401 2151 Sede
1425 2102 1496 2150 ero-

253 2191 332 2271 rata,
355 2188 470 2254 licebit.

358 2291 444 2359 Vlll.
481 2291 605 2357 Mulieri
636 2290 725 2356 latini
755 2291 835 2357 ritus
865 2310 944 2376 quae
972 2292 1037 2358 viro
1060 2294 1198 2377 nupserit
1221 2293 1300 2358 ritus
1322 2292 1492 2370 orientalis,

252 2416 367 2482 aequae
391 2414 428 2462 ac
449 2395 573 2462 mulieri
595 2395 736 2460 orientali
760 2414 839 2480 quae
862 2396 1002 2481 nupserit
1025 2398 1121 2462 latino
1142 2398 1299 2481 integrum
1323 2398 1430 2463 eritnt
1448 2395 1491 2461 ad

252 2503 347 2569 ritum
372 2500 445 2580 viri,
476 2498 607 2566 ineundo
638 2500 684 2565 vel
714 2500 843 2566 durante
863 2500 1075 2580 matrimonio,
1105 2505 1262 2567 transeat:
1297 2500 1494 2568 matrimonio

252 2608 356 2673 autem
380 2606 489 2684 soluto,
512 2604 684 2670 resumendi
709 2604 822 2689 proprii
843 2605 922 2671 ritus
945 2605 1043 2671 libera
1065 2606 1125 2672 erit
1146 2609 1293 2690 potestas.

296 2728 297 2733 ’
355 2709 410 2779 ΙΧ.
449 2709 640 2793 Quicumque
663 2708 831 2786 orientalis,
855 2711 942 2775 extra
964 2710 1171 2793 patriarchale
1194 2710 1385 2776 territorium
1407 2729 1491 2775 corn-

252 2834 391 2893 morans,
423 2813 479 2880 sub
510 2813 777 2880 administratione
808 2814 850 2879 sit
872 2813 947 2879 cleri
975 2814 1082 2893 latini,
1113 2815 1188 2881 ritui
1210 2817 1317 2880 tamen
1344 2834 1399 2879 sno
1423 2833 1492 2897 per-

252 2920 390 2986 manebit
412 2918 604 3001 adscriptus;
628 2918 673 2984 ita
696 2920 750 2996 nt,
773 2918 851 2983 nibil
871 2918 1077 2984 diuturnitate
1101 2919 1200 2985 aliave
1221 2938 1315 2984 causa
1337 2918 1403 2985 ulla
1425 2917 1492 2984 sut·

252 3024 411 3110 fragante,
444 3022 563 3088 recidat
590 3024 620 3086 in
646 3021 794 3088 ditionem
818 3022 1035 3101 Patriarchaa,
1066 3022 1158 3089 simul
1187 3042 1225 3089 ac
1250 3025 1281 3088 in
1308 3024 1375 3089 eins
1402 3022 1494 3088 terri·

252 3128 366 3195 terium
390 3126 553 3195 revenerit.

355 3231 394 3298 X.
428 3230 532 3311 Nulli,
555 3230 702 3297 utriusvis
725 3250 830 3308 serus,
857 3230 966 3297 Ordini
990 3231 1037 3297 vel
1061 3231 1210 3299 instituto
1233 3230 1376 3316 religioso
1400 3230 1490 3297 latini

252 3336 340 3417 ritus,
365 3354 548 3420 quemquam
571 3334 751 3401 orientalem
775 3336 857 3401 inter
878 3336 999 3401 sodales
1018 3356 1091 3403 snos
1113 3337 1159 3402 fas
1181 3336 1242 3402 erit
1264 3336 1414 3419 recipere,
1438 3336 1491 3419 qni

252 3440 366 3526 proprii
390 3439 544 3507 Ordinarii
566 3440 794 3507 testimoniales
816 3441 940 3507 litteras
960 3460 1019 3506 non
1043 3444 1116 3507 ante
1135 3441 1319 3506 exhibuerit.

356 3544 413 3613 Xl.
442 3544 475 3611 si
497 3564 557 3629 qua
581 3564 616 3610 ex
636 3543 861 3611 dissidentibus
877 3546 1082 3611 communitas
1102 3546 1149 3610 vel
1165 3545 1285 3610 iamilia
1302 3546 1351 3611 vel
1368 3562 1496 3628 persona

252 3651 291 3717 ad
314 3649 498 3716 catholicam
524 3648 676 3714 unitatem
700 3650 831 3727 venerit,
856 3650 1030 3715 conditione
1057 3650 1142 3715 velut
1163 3650 1338 3716 necessaria
1359 3650 1494 3733 interpo-

251 3754 314 3821 sita
334 3751 540 3837 amplectendi
563 3752 653 3817 latini
679 3754 765 3831 ritus,
790 3754 863 3819 huic
885 3754 959 3820 ritui
983 3756 1140 3821 remaneat
1161 3772 1198 3819 ea
1217 3754 1342 3838 quidem
1359 3753 1397 3819 ad
1414 3754 1493 3818 tem-

254 3876 311 3942 pns
332 3856 499 3936 adstricta,
530 3857 560 3922 in
585 3855 650 3922 eins
673 3859 777 3923 tamen
801 3860 955 3942 potestate
977 3859 1021 3926 sit
1042 3860 1081 3925 ad
1107 3858 1245 3925 nativum
1270 3859 1364 3925 ritum
1388 3858 1494 3923 catho-

253 3962 345 4029 licum
369 3960 513 4045 aliqando
534 3960 643 4028 redire.
689 3960 815 4029 sivero
845 3964 996 4029 eiusmodi
1025 3963 1160 4029 conditio
1191 3982 1250 4028 non
1274 3961 1496 4039 intercesserit,

253 4066 305 4132 sed
327 4065 397 4131 ideo
416 4066 483 4151 ipsa
505 4068 719 4146 communitas,
745 4067 873 4147 familia,
906 4087 1074 4150 personae
1097 4068 1203 4135 latinis
1227 4068 1411 4153 presbyteris
1434 4067 1492 4131 ad·

253 4171 446 4237 ministretur
467 4172 541 4254 quia
563 4172 665 4237 desint
688 4172 872 4252 orientales,
907 4171 1144 4255 regrediendum
1173 4172 1231 4257 ipsi
1254 4173 1313 4238 erit
1336 4172 1376 4237 ad
1397 4172 1494 4237 ritum

253 4292 352 4354 vnum,
376 4276 483 4341 statim
507 4277 543 4341 ut
566 4275 733 4341 sacerdotis
756 4276 915 4343 orientalis
939 4276 1034 4343 inerit
1056 4278 1156 4361 copia.

357 4379 428 4447 llll.
468 4380 713 4445 Matrimoniales
736 4382 768 4446 et
791 4380 1029 4459 ecclesiasticae,
1052 4400 1264 4466 quaecumque
1286 4382 1351 4446 sint
1373 4398 1494 4457 causae,

254 4484 291 4549 de
313 4482 425 4567 quibus
447 4483 485 4548 ad
509 4483 720 4566 Apostolicam
743 4482 854 4549 Sedem
886 4485 1053 4569 appellatio
1075 4486 1149 4563 fiat,
1180 4503 1374 4568 nequaquam
1404 4483 1496 4549 Dele-

253 4588 337 4673 gatis
360 4585 547 4671 Apostoliois
571 4585 779 4667 definiendae,
809 4587 867 4652 nisi
895 4590 1001 4672 aperte
1031 4608 1068 4655 aa
1097 4589 1224 4655 iusserit
1245 4587 1492 4669 committantur,
