3275 4917
242 240 284 309 80
346 261 466 330 sinerer,
487 256 629 329 Betis-duc
648 276 704 314 sur
726 256 920 327 Wardtorrnc
939 259 994 314 der
1016 255 1378 317 Decrettrleulttierutur.

236 434 385 520 pseudo.
430 431 521 497 Verbi
545 431 671 517 gratia:
694 432 778 498 dioto
799 432 944 498 dominius
968 468 1007 478 -
1031 432 1075 497 ihi
1096 432 1183 499 cotun
1208 470 1250 482 -·
1271 434 1397 500 domino
1418 454 1486 500 mco

245 538 348 603 -ihi
372 555 460 604 coma
491 572 533 585 -
561 536 633 603 sede
663 558 684 601 c
706 536 827 602 deserta
856 570 896 583 -
929 536 972 599 ibi
1005 536 1166 623 peryodus.
1213 538 1322 604 Potest
1334 541 1388 619 ²⁸⁰)
1410 556 1485 623 ergo

242 644 429 728 contingere,
451 641 531 727 quod
552 658 613 706 una
633 640 788 705 sententia
812 640 971 705 contineat
991 640 1023 705 in
1045 660 1078 705 sa
1100 641 1190 725 ptura
1210 642 1368 725 capitula,
1388 641 1485 707 immo

242 748 342 832 plures
367 746 554 821 sententias;
585 746 617 809 et
646 744 791 809 similiter
815 762 908 809 unum
933 743 1103 828 capitutum
1128 746 1160 810 in
1184 763 1217 811 se
1240 746 1356 811 mettas
1382 747 1485 829 potest

242 853 397 919 continere
429 849 600 916 sententies
631 858 662 913 et
698 849 797 913 muita
827 849 983 932 capitula,
1018 850 1172 932 siquidem
1194 871 1290 916 uuum
1311 850 1486 932 copiatum

236 958 346 1039 ptores
366 957 501 1022 cordiuct
518 954 673 1037 periodos.
727 954 766 1017 ur
799 952 967 1018 seeundum
999 954 1055 1019 hoc
1091 953 1180 1019 tacite
1214 956 1262 1020 est
1296 954 1403 1019 lectori
1439 955 1485 1020 ita

241 1063 428 1146 computare.
450 1062 486 1125 et
509 1060 607 1125 omnis
631 1060 824 1123 removeatur
846 1058 1057 1123 contrarietas.
1104 1058 1160 1124 Vei
1184 1058 1276 1124 aliter
1299 1061 1331 1123 et
1352 1058 1483 1124 meiius:

241 1166 339 1250 prinu
361 1164 440 1230 liher
462 1163 525 1240 ilie,
548 1163 600 1246 qui
623 1180 754 1227 canones
777 1162 984 1246 apostotorum
1007 1161 1122 1227 dieitur
1144 1162 1321 1246 (Fortsotag
1334 1164 1420 1229 siche
1434 1164 1484 1228 hei

241 1268 369 1336 Sohuitc
394 1268 600 1351 Burin-Ausg.
628 1266 732 1331 hXiiI
755 1266 788 1330 Ζ.
813 1265 849 1330 ll
877 1286 903 1331 r.
928 1286 955 1331 o.
979 1266 1025 1344 d.)

346 1373 392 1438 hd
415 1372 509 1439 Ruhr.
533 1390 559 1437 e.
584 1374 613 1437 5.
641 1371 676 1436 D.
704 1370 752 1435 16.
795 1370 960 1453 ›leemmr
992 1370 1148 1436 Adrianus
1171 1388 1251 1455 papa
1273 1371 1385 1437 scribit
1406 1370 1484 1436 Tar-

244 1477 377 1563 chio²³¹)
390 1477 595 1562 patriarche«.
615 1473 789 1541 Correctins
802 1476 885 1539 esset
897 1474 925 1539 in
939 1475 1061 1541 littera:
1080 1475 1165 1541 Unde
1175 1475 1229 1561 ¹⁸⁸)
1247 1475 1401 1541 Adrianus
1413 1480 1483 1553 eta,

240 1583 322 1668 quia,
346 1602 415 1647 cnm
441 1580 524 1666 Mag.
549 1580 635 1645 (irat.
659 1578 771 1644 dixerit
793 1578 910 1661 aliquid
935 1579 1056 1662 probari
1074 1579 1259 1646 securitate
1275 1580 1417 1660 alienius,
1438 1581 1484 1646 ita

240 1688 319 1752 solet
344 1686 548 1771 subiungere:
575 1682 660 1749 Unde
683 1686 742 1752 ete.

254 1802 257 1813 '
344 1790 393 1857 Ad
418 1808 444 1855 o.
468 1790 497 1855 6.
522 1788 559 1855 D.
583 1789 621 1853 lii
646 1808 672 1853 r.
697 1787 753 1853 suh
776 1786 956 1854 Justininno
979 1787 1044 1852 titio
1067 1787 1273 1857 Constantini.

343 1894 403 1961 Sed
430 1893 487 1961 hoo
514 1912 573 1958 non
605 1892 726 1958 ridetur
761 1911 886 1971 rerum,
917 1912 986 1959 curn
1017 1910 1075 1957 nou
1105 1893 1228 1976 legatur
1258 1894 1337 1977 quod
1370 1894 1483 1978 aliquis

238 2000 436 2065 Jrrstinianus
457 1998 579 2064 nomina
602 1998 784 2063 successerit
818 1999 849 2062 in
884 2015 979 2081 reguo
1012 1996 1232 2074 Constantino,
1271 1998 1344 2082 quia
1377 1999 1480 2078 multi,

240 2105 317 2169 forte
348 2103 452 2168 decem
485 2102 533 2166 rei
566 2102 684 2184 plures,
718 2119 865 2185 regnasse
896 2101 1043 2185 teguntur
1070 2102 1152 2166 inter
1181 2100 1419 2169 Constantinum
1449 2109 1483 2168 ct

238 2206 463 2273 Justiuianum.
514 2204 588 2271 Ideo
617 2204 776 2269 sciendum
805 2205 886 2288 quod
921 2205 972 2270 hio
1001 2224 1060 2269 uon
1092 2206 1128 2270 fit
1162 2207 1276 2272 mentio
1307 2208 1345 2272 de
1367 2226 1482 2292 magno

241 2310 442 2377 Constantino
470 2308 523 2393 qui
548 2308 845 2391 Constantinopolim
869 2308 1008 2374 condidit
1032 2345 1069 2356 -
1095 2313 1150 2392 qui
1172 2310 1399 2378 &manticas
1419 2332 1483 2379 nou

236 2418 300 2497 soit
321 2415 485 2492 hodierno,
516 2420 553 2479 ut
572 2414 701 2496 quidm
726 2414 921 2494 credonem)
946 2450 988 2460 -
1012 2414 1064 2479 sed
1086 2415 1123 2479 de
1145 2415 1207 2479 aiio
1229 2415 1370 2500 quodam.
1417 2416 1482 2482 He·

239 2520 353 2585 rectius
374 2519 466 2596 eninr,
490 2537 621 2601 regnans
645 2515 769 2605 [multo]
794 2518 974 2600 postitium
992 2518 1403 2602 magnimontensium,
1428 2540 1481 2605 gc·

239 2624 308 2690 nuit
331 2622 485 2707 quendam
509 2622 603 2688 ctiam
628 2621 866 2688 Constantinum
889 2623 1010 2688 nomine
1030 2624 1058 2687 ei
1080 2622 1112 2688 iu
1134 2643 1229 2708 reguo
1253 2626 1480 2703 succedentem,

239 2734 270 2795 ot
293 2729 345 2794 iiie
369 2728 464 2792 atium
488 2727 742 2805 Constantinum,
765 2727 818 2811 qui
842 2727 916 2793 duos
940 2728 1065 2812 genuit,
1092 2726 1252 2794 Justiuum
1278 2730 1344 2796 seit.
1369 2733 1401 2796 et
1421 2729 1482 2796 Ju-

238 2834 418 2900 stiuianurn.
466 2831 552 2897 Unde
574 2831 772 2898 destinienus
796 2832 895 2897 minor
925 2832 1039 2896 dieitur
1070 2835 1210 2917 respectu
1240 2834 1377 2912 tustini,
1408 2835 1482 2918 quis

238 2938 337 3003 minor
358 2940 436 3003 natu
460 2936 528 3003 ruit.
578 2936 632 3001 Vei
656 2940 777 3002 tantum
802 2936 1014 3001 Jrrstiuianunr
1040 2938 1158 3019 ganniit,
1187 2940 1219 3003 et
1241 2938 1355 3003 dicitur
1381 2939 1481 3003 minor

342 3148 405 3211 230)
428 3146 483 3201 Dus
508 3146 646 3215 Folgcnde
670 3147 860 3213 (Potest...
883 3147 1072 3216 contrarietas)
1097 3149 1146 3203 hat
1171 3164 1231 3201 rurn
1259 3148 1354 3203 Theiie
1381 3149 1483 3204 hereits

240 3233 350 3289 Schulte
378 3234 404 3287 in
434 3233 481 3288 der
507 3233 667 3303 Bet-husu.
692 3232 1151 3290 itini.S.LX111reroffentiieht.
1195 3235 1228 3289 us
1257 3234 1329 3291 fehlt
1351 3236 1416 3292 aher
1438 3236 1482 3291 hei

239 3319 350 3375 Schulta
377 3319 478 3375 souohl
497 3320 541 3374 die
563 3318 782 3389 rorhergcheude
802 3319 888 3374 Stsile
912 3321 954 3375 als
977 3319 1052 3388 jener
1070 3321 1278 3387 huiuscene,
1306 3323 1405 3378 uciche
1429 3323 1482 3378 deu

240 3408 282 3461 ihr
300 3422 412 3462 unseren
434 3406 571 3461 h'eriasscr
587 3421 618 3460 so
636 3405 909 3460 chershtcristisehen
929 3405 1047 3461 Versuch
1063 3407 1213 3473 enthslten,
1233 3409 1277 3465 die
1289 3410 1482 3465 verschiedcn·

239 3494 297 3549 huit
313 3493 361 3548 der
373 3493 503 3563 ringahcu
523 3492 588 3546 hbet
607 3491 650 3546 dic
669 3491 735 3546 Zahl
757 3491 803 3547 der
822 3492 1019 3561 apostolisehen
1038 3492 1164 3549 Canonen
1183 3495 1281 3551 durans
1298 3513 1330 3550 zu
1349 3495 1482 3559 erhliren.

239 3580 301 3634 dass
319 3579 455 3635 dicrclhen
472 3578 611 3633 rielieieht
628 3578 656 3632 in
676 3577 805 3633 manchon
826 3578 1036 3635 Hsndsehriftcn
1056 3578 1177 3649 (ihulich
1196 3582 1246 3637 uie
1263 3582 1322 3637 dies
1339 3582 1482 3638 hesendcrs

238 3666 280 3720 hei
299 3665 469 3721 Bibeltcrtcn
488 3663 607 3730 vortam)
627 3663 749 3733 percote
767 3667 795 3719 et
812 3669 947 3719 commata
965 3666 1140 3735 gesehriehen
1159 3668 1264 3723 worden
1283 3669 1364 3724 scien.

341 3752 403 3821 231)
421 3752 513 3821 vargi.
534 3750 702 3821 Fricdbergh
721 3749 775 3805 ure
793 3750 828 3806 36
846 3752 881 3806 ad
900 3752 926 3805 h.
945 3751 962 3805 l.

341 3838 403 3907 232)
422 3838 518 3907 Rectee
537 3837 669 3892 Therasia

340 3925 402 3993 233)
421 3924 511 3994 Vergl.
531 3924 583 3979 den
602 3924 669 3979 'I'cxt
688 3924 735 3978 der
752 3924 825 3979 Gerr.
844 3925 929 3989 Rern..
949 3925 1062 3980 ueieher
1080 3927 1132 3982 ruit
1151 3927 1199 3983 der·
1212 3929 1326 3985 Ausietrt
1344 3930 1390 3986 des
1404 3932 1478 3988 Veri.

239 4011 465 4069 hhereinstimmt.

341 4098 401 4167 234)
420 4098 506 4154 Untcr
524 4098 575 4153 den
595 4098 738 4168 ›quidem‹
757 4098 819 4154 sind
835 4097 898 4166 jeus
912 4098 1073 4156 Chronistsn
1091 4116 1123 4156 ru
1143 4104 1293 4164 rorstehen.
1313 4104 1479 4161 welchc‘den

240 4186 348 4241 Bericht
370 4186 418 4241 dar
439 4185 691 4256 sylvesterlegendc
714 4184 778 4241 itbar
797 4186 842 4241 die
860 4186 990 4240 romische
1008 4185 1093 4242 'tauta
1113 4188 1298 4246 constamine
1318 4195 1367 4247 mit
1386 4192 1433 4248 der
1451 4195 1479 4249 in

237 4272 285 4327 dor
304 4271 423 4328 Historia
441 4272 583 4343 tripartita
607 4272 660 4326 und
684 4272 726 4326 hei
746 4272 925 4341 Hieronymus
951 4271 1099 4343 hereugten
1124 4276 1293 4342 seraone,
1320 4278 1382 4333 dues
1410 4278 1482 4334 Con·

237 4359 340 4415 stsntiu
359 4362 415 4415 arnt
433 4360 499 4415 kern
518 4375 565 4414 ror
582 4358 682 4413 scinern
702 4356 774 4412 Todc
792 4358 836 4412 dio
854 4357 1004 4413 ananische
1015 4360 1101 4415 Tauro
1119 4362 1279 4433 crnpfangen
1298 4364 1376 4429 habe,
1394 4365 1479 4421 dureh

236 4444 280 4499 die
299 4445 440 4501 hunahnre
458 4447 486 4500 in
505 4445 641 4515 Fiuhlsug
660 4444 774 4514 hringen
794 4444 916 4503 uotiten.
946 4444 1107 4501 Consuntiu
1136 4448 1174 4503 sei
1203 4448 1231 4503 in
1258 4450 1302 4504 die
1328 4452 1481 4508 adanischc

235 4531 358 4588 Katrerci
375 4533 506 4589 rcriatien
524 4531 578 4587 und
598 4548 649 4586 ron
667 4532 728 4586 deru
747 4530 965 4586 uikorncdisohen
986 4532 1116 4589 Eusebius
1134 4535 1343 4607 rriedergetauit
1358 4540 1481 4598 worden.

237 4617 328 4691 vogn.
351 4620 530 4691 Doetttraocr
549 4615 724 4687 Papsttahelu
743 4616 790 4673 des
809 4617 892 4672 tt-A.
911 4618 959 4688 (11.
978 4618 1048 4676 nea
1069 4636 1120 4678 rou
1141 4624 1313 4695 Friedrich)
1331 4625 1360 4683 S.
1377 4628 1421 4683 67.
