3275 4917
244 202 310 269 450
489 218 632 290 demam
650 218 836 277 5155555555
855 216 1092 290 arpensem·
1110 234 1139 273 α.
1157 218 1243 275 18114.

245 393 303 459 est.
349 391 516 474 Nunquam
539 407 613 474 argo
634 388 766 455 vicarius
788 389 954 474 quidquam
979 389 1064 455 dicat
1086 388 1134 453 vel
1157 389 1250 474 agat,
1280 408 1341 473 qun
1373 387 1493 454 tidncia

245 494 383 561 fidetium
406 495 438 560 in
461 494 628 578 parochum
651 493 749 559 minui
772 495 885 577 possit;
914 495 1095 577 praesertim
1127 512 1198 559 sero
1228 496 1338 563 caveat
1365 512 1403 561 ne
1433 512 1492 577 pa·

245 600 371 666 rochum
397 617 499 665 coram
523 598 586 664 illis
610 598 764 682 vituperet
790 601 847 663 ant
872 597 1018 665 adversus
1041 616 1110 663 eum
1134 597 1197 665 5115
1221 599 1311 665 modo
1334 598 1491 683 insurgat.

244 704 278 771 si
301 704 380 769 forte
401 723 420 769 a
440 702 571 788 parocho
594 703 687 769 aliter
709 704 880 778 tractetur,
914 722 951 769 ac
978 703 1103 787 justitia
1129 703 1268 787 postulat
1294 705 1327 769 51
1348 702 1492 787 dignitas

243 807 455 888 sacerdotalis,
478 807 559 892 apud
583 805 779 873 Ordinarium
803 808 902 873 solum
923 809 1136 892 conqueratur.
1194 870 1197 877 .

351 912 408 980 Ubi
431 911 535 997 plures
556 912 656 977 eidam
682 912 813 995 parocho
844 911 984 996 adjuncti
1015 912 1089 977 sunt
1117 911 1242 987 vicarii,
1273 913 1418 991 caveant,
1449 931 1491 976 55

244 1017 371 1085 consilia
391 1016 437 1081 ita
459 1016 696 1093 communicent
720 1017 757 1081 51
775 1014 863 1099 quasi
886 1016 1098 1099 conspirantes
1121 1014 1293 1082 uideantur.

347 1118 419 1191 151.
449 1119 572 1187 hiberti
602 1119 704 1185 animo
734 1119 1028 1203 omnemsuscipiet
1053 1119 1362 1198 circumlatorem,
1394 1138 1490 1202 quem
1621 1150 1622 1183 ;

244 1225 395 1311 parochus
417 1224 445 1290 ei
469 1224 673 1291 mandaverit.
697 1222 778 1305 Quin
801 1224 906 1304 immo,
929 1224 956 1289 si
972 1224 1105 1309 parocho
1120 1225 1242 1309 propter
1258 1222 1490 1307 aegritudinem

244 1330 293 1399 uei
316 1330 580 1414 ingrauescentem
610 1329 746 1393 aetatem
778 1327 858 1395 sires
889 1328 1081 1407 minuantur,
1113 1347 1170 1394 sua
1200 1331 1307 1411 sponte
1337 1332 1369 1393 et
1398 1328 1490 1411 quasi

244 1434 332 1501 1111511
363 1433 467 1499 studio
498 1452 532 1498 55
564 1432 672 1499 oderat
705 1432 745 1498 ad
779 1433 884 1499 munia
919 1433 1016 1500 etiam
1051 1432 1227 1499 molestiora
1259 1434 1324 1499 vice
1359 1432 1487 1515 parochi

243 1537 412 1605 subeunda.

346 1640 420 1712 152.
442 1640 609 1726 Nunquam
632 1645 737 1707 tamen
762 1640 896 1707 sicarius
919 1639 1086 1707 modestiae
1106 1641 1222 1707 oblitus
1243 1660 1277 1707 se
1299 1640 1337 1706 115
1353 1641 1489 1727 negotiis

244 1747 436 1827 immisceat,
465 1765 545 1831 qnae
568 1745 719 1830 parochus
737 1745 767 1813 51
790 1746 927 1812 curanda
949 1764 1010 1811 non
1033 1745 1179 1825 tradidit,
1212 1764 1286 1813 nese
1316 1745 1488 1831 quidquam

244 1870 365 1930 eorum,
396 1869 474 1935 quae
497 1850 535 1916 ad
559 1851 664 1916 munia
689 1869 747 1917 sna
770 1869 830 1916 non
852 1851 1024 1934 portinent,
1056 1850 1116 1917 nisi
1146 1851 1277 1935 parocho
1307 1851 1424 1917 sciente
1454 1854 1488 1916 et

245 1954 457 2022 consentiente
480 1954 702 2040 aggrediaturq
725 1953 857 2021 maxime
879 1958 985 2020 autem
1008 1954 1136 2031 devitet,
1160 1973 1197 2020 ne
1221 1956 1252 2021 iu
1276 1955 1421 2039 parochia
1436 1955 1487 2020 sai

243 2060 276 2127 in
299 2060 429 2127 55515515
451 2060 506 2125 551
528 2078 606 2125 noua
629 2059 794 2125 instituere
816 2059 872 2125 aut
891 2061 995 2125 uetera
1018 2059 1184 2125 immutare
1207 2062 1356 2139 conetur;
1387 2078 1487 2145 neque

242 2164 325 2231 enim
345 2163 434 2231 decet
456 2163 606 2229 sicarium
630 2182 765 2247 uuquam
791 2164 837 2229 sic
859 2182 891 2229 se
915 2181 1038 2248 gerere,
1068 2165 1104 2229 ut
1133 2163 1399 2231 administrandae
1429 2184 1487 2247 pa·

242 2268 365 2335 rochiae
388 2267 542 2351 particeps
564 2286 632 2334 5555
655 2267 807 2334 videatur.

347 2371 509 2450 vicanus,
538 2372 566 2437 si
588 2390 700 2437 munus
723 2371 821 2455 ipsius
841 2371 925 2437 intra
947 2372 1074 2456 exiguos
1096 2371 1212 2439 limites
1237 2375 1427 2453 coarctetur,
1450 2392 1485 2441 55

243 2476 410 2562 perfectius
432 2474 680 2542 ministeriosae
706 2476 855 2561 fungatur
886 2480 917 2542 et
947 2476 1100 2562 reliquum
1130 2478 1254 2561 tempus
1285 2477 1316 2543 in
1347 2478 1485 2545 oratione

243 2584 277 2649 et
296 2580 409 2648 studiis
430 2581 603 2647 consumat.

344 2682 419 2755 153.
450 2684 553 2751 titiam
585 2684 619 2750 in
648 2682 687 2750 iis
717 2684 809 2749 rebus
834 2703 964 2768 quarum
987 2702 1061 2751 cura
1083 2685 1132 2751 illi
1155 2686 1287 2752 tortasse
1310 2705 1329 2752 5
1352 2688 1485 2771 parocho

241 2789 430 2857 demandata
450 2791 500 2856 est
520 2788 643 2874 (quales
666 2806 693 2857 a.
709 2807 741 2873 g.
756 2792 831 2854 eunt
846 2788 1124 2868 confraternitates,
1147 2789 1375 2870 associationes,
1398 2793 1485 2859 varia

241 2894 368 2981 pietatis
388 2896 420 2961 51
441 2892 605 2961 charitatis
627 2896 731 2977 opera)
762 2892 896 2959 vicarius
918 2912 954 2959 cx
977 2895 1109 2978 parocho
1131 2896 1263 2979 pendet,
1287 2896 1368 2980 apud
1391 2916 1483 2981 quem

238 3000 291 3085 jus
311 3000 462 3077 remanet,
489 2996 637 3065 155111515
659 2996 822 3081 parochiae
845 2997 997 3083 dirigendi
1022 3000 1120 3083 iisque
1141 2999 1335 3084 invigilandi.

344 3101 419 3173 154.
443 3101 568 3169 11515151
590 3102 629 3168 55
651 3102 819 3186 parochum
842 3102 976 3169 sicarius
998 3122 1044 3182 55,
1068 3122 1147 3188 quac
1167 3104 1198 3169 in
1215 3104 1359 3188 parochia
1374 3124 1484 3172 evene-

241 3210 331 3286 runt,
360 3207 387 3273 si
409 3207 489 3273 15115
510 3208 600 3286 5551,
630 3209 667 3273 51
687 3208 874 3291 pernotum,
905 3209 1057 3291 quatenus
1079 3212 1128 3275 551
1150 3213 1274 3275 curator
1297 3208 1484 3289 animarum,

242 3311 558 3390 11155511515155511,
590 3310 752 3395 praecipue
780 3330 851 3376 sero
880 3312 1041 3378 certiorem
1072 3331 1142 3378 sum
1172 3312 1266 3379 iaciat
1290 3314 1423 3381 vicarius
1446 3316 1485 3381 da

241 3417 296 3498 115,
327 3435 408 3501 quae
436 3434 523 3483 55555
545 3414 717 3481 ministerio
742 3434 852 3481 vacans
875 3416 940 3500 ipse
962 3416 1068 3499 gessit,
1094 3436 1120 3481 v.
1144 3438 1173 3501 g.
1198 3418 1355 3485 infirmum
1378 3438 1484 3485 sacra-

242 3521 356 3590 mentis
379 3520 552 3589 muniendo.
597 3519 679 3602 Quin
701 3520 798 3585 etiam
823 3520 854 3584 in
879 3519 1047 3586 minorihus
1076 3522 1248 3605 parochiis,
1278 3522 1402 3607 quaudo
1429 3543 1484 3591 555

241 3630 363 3706 tempus
392 3624 499 3691 deficit
529 3643 583 3690 nec
609 3624 863 3691 circumstantiae
892 3624 1032 3705 obstant,
1066 3626 1154 3692 decet
1188 3626 1281 3707 talia,
1316 3629 1485 3712 antequam

241 3732 439 3815 peragantur,
463 3728 595 3812 parocho
618 3728 766 3795 nuntiari.

343 3832 417 3902 155.
452 3832 586 3899 Facilem
608 3850 641 3897 55
665 3834 801 3916 praestet
823 3833 955 3900 vicarius
979 3836 1124 3918 parocho,
1154 3837 1206 3919 qui
1237 3854 1308 3901 enm
1339 3837 1371 3902 in
1391 3837 1483 3903 rebus

240 3937 320 4003 sacri
342 3936 507 4005 ministerii
538 3936 670 4023 dirigere
699 3940 733 4006 51
761 3937 928 4005 informare
955 3939 1078 4019 studet,
1111 3944 1145 4004 ut
1168 3941 1213 4005 sio
1236 3960 1272 4005 ex
1293 3942 1483 4025 experientia

240 4042 364 4126 parochi
385 4062 480 4126 quam
501 4042 669 4107 maximum
689 4045 852 4126 quaestum
878 4042 983 4110 iaciat.
1021 4046 1133 4110 Pamm
1154 4044 1290 4129 protecto
1313 4045 1483 4112 virtutihus

240 4150 273 4214 51
293 4146 425 4212 scientia
448 4149 566 4213 crescet
591 4146 695 4231 iunior
724 4146 882 4226 sacerdos,
912 4148 982 4233 qni,
1013 4148 1196 4216 immodicus
1218 4151 1266 4215 sni
1290 4150 1481 4231 aestimator,

240 4270 273 4317 se
295 4249 395 4335 ipsum
420 4251 550 4335 superte
569 4250 717 4317 extoliere
740 4271 799 4318 non
820 4252 984 4317 erubescit.

343 4352 418 4424 156.
440 4354 594 4435 Petronis,
618 4374 697 4440 quas
719 4356 751 4421 in
773 4356 865 4423 donno
881 4356 1049 4440 parochiali
1067 4356 1210 4423 habitant
1227 4358 1275 4423 rei
1291 4358 1481 4436 ministrant,

239 4458 330 4525 modo
353 4459 469 4527 urhauc
490 4461 525 4526 et
546 4460 684 4525 modesto
708 4462 840 4526 vicarius
862 4482 894 4527 55
914 4460 1069 4527 affabilem
1093 4462 1249 4545 praebeat,
1273 4464 1307 4528 at
1326 4482 1484 4547 nunquam

239 4582 292 4629 eas
313 4564 372 4631 sihi
397 4564 566 4631 tamiliares
589 4563 695 4631 iaciat
847 4574 849 4579 '
