<?xml version="1.0" encoding="UTF-8"?>
<!DOCTYPE html PUBLIC "-//W3C//DTD XHTML 1.0 Transitional//EN"
    "http://www.w3.org/TR/xhtml1/DTD/xhtml1-transitional.dtd">
<html xmlns="http://www.w3.org/1999/xhtml" xml:lang="en" lang="en">
 <head>
  <title>
</title>
<meta http-equiv="Content-Type" content="text/html;charset=utf-8" />
  <meta name='ocr-system' content='tesseract 3.04.00' />
  <meta name='ocr-capabilities' content='ocr_page ocr_carea ocr_par ocr_line ocrx_word'/>
</head>
<body>
  <div class='ocr_page' id='page_1' title='image "./archivfrkatholi26jurigoog_0438.png"; bbox 0 0 3275 4917; ppageno 0'>
   <div class='ocr_carea' id='block_1_1' title="bbox 398 221 1400 311">
    <p class='ocr_par' dir='ltr' id='par_1_1' title="bbox 398 221 1400 311">
     <span class='ocr_line' id='line_1_1' title="bbox 398 221 1400 311; baseline -0.002 -17"><span class='ocrx_word' id='word_1_1' title='bbox 398 240 541 311; x_wconf 81' lang='lat' dir='ltr'><strong>Spnodue</strong></span> <span class='ocrx_word' id='word_1_2' title='bbox 562 238 747 294; x_wconf 75' lang='lat' dir='ltr'><strong>dmeceecnc</strong></span> <span class='ocrx_word' id='word_1_3' title='bbox 768 237 1006 308; x_wconf 72' lang='lat' dir='ltr'><strong>Arpcnllncnels</strong></span> <span class='ocrx_word' id='word_1_4' title='bbox 1024 236 1158 293; x_wconf 77' lang='grc' dir='ltr'><strong>α.1894.</strong></span> <span class='ocrx_word' id='word_1_5' title='bbox 1336 221 1400 285; x_wconf 75' lang='grc'><strong>433</strong></span> 
     </span>
    </p>
   </div>
   <div class='ocr_carea' id='block_1_2' title="bbox 156 408 1403 3623">
    <p class='ocr_par' dir='ltr' id='par_1_2' title="bbox 156 408 1401 807">
     <span class='ocr_line' id='line_1_2' title="bbox 156 408 1400 495; baseline -0.002 -18"><span class='ocrx_word' id='word_1_6' title='bbox 156 410 383 495; x_wconf 85' lang='lat' dir='ltr'><strong>Baptiaterium</strong></span> <span class='ocrx_word' id='word_1_7' title='bbox 405 411 622 477; x_wconf 85' lang='lat' dir='ltr'><strong>convenienter</strong></span> <span class='ocrx_word' id='word_1_8' title='bbox 646 410 879 476; x_wconf 87' lang='lat' dir='ltr'><strong>accomodatum</strong></span> <span class='ocrx_word' id='word_1_9' title='bbox 903 410 934 473; x_wconf 93' lang='lat' dir='ltr'><strong>in</strong></span> <span class='ocrx_word' id='word_1_10' title='bbox 957 408 1102 475; x_wconf 86' lang='lat' dir='ltr'><strong>interiore</strong></span> <span class='ocrx_word' id='word_1_11' title='bbox 1130 410 1217 493; x_wconf 87' lang='lat' dir='ltr'><strong>parte</strong></span> <span class='ocrx_word' id='word_1_12' title='bbox 1244 408 1400 493; x_wconf 85' lang='lat' dir='ltr'><strong>geminam</strong></span> 
     </span>
     <span class='ocr_line' id='line_1_3' title="bbox 158 511 1401 601; baseline -0.002 -20"><span class='ocrx_word' id='word_1_13' title='bbox 158 516 251 583; x_wconf 87' lang='lat' dir='ltr'><strong>habet</strong></span> <span class='ocrx_word' id='word_1_14' title='bbox 274 516 405 601; x_wconf 78' lang='lat' dir='ltr'><strong>pelvim,</strong></span> <span class='ocrx_word' id='word_1_15' title='bbox 434 517 471 580; x_wconf 91' lang='lat' dir='ltr'><strong>ut</strong></span> <span class='ocrx_word' id='word_1_16' title='bbox 494 514 566 580; x_wconf 86' lang='lat' dir='ltr'><strong>hinc</strong></span> <span class='ocrx_word' id='word_1_17' title='bbox 588 514 736 579; x_wconf 88' lang='lat' dir='ltr'><strong>salutaris</strong></span> <span class='ocrx_word' id='word_1_18' title='bbox 758 513 842 578; x_wconf 92' lang='lat' dir='ltr'><strong>unda</strong></span> <span class='ocrx_word' id='word_1_19' title='bbox 864 516 944 591; x_wconf 85' lang='lat' dir='ltr'><strong>stet,</strong></span> <span class='ocrx_word' id='word_1_20' title='bbox 976 511 1062 577; x_wconf 90' lang='lat' dir='ltr'><strong>illino</strong></span> <span class='ocrx_word' id='word_1_21' title='bbox 1085 511 1191 578; x_wconf 86' lang='lat' dir='ltr'><strong>eadem</strong></span> <span class='ocrx_word' id='word_1_22' title='bbox 1214 530 1249 577; x_wconf 85' lang='lat' dir='ltr'><strong>ex</strong></span> <span class='ocrx_word' id='word_1_23' title='bbox 1272 512 1401 578; x_wconf 78' lang='lat' dir='ltr'><strong>infantis</strong></span> 
     </span>
     <span class='ocr_line' id='line_1_4' title="bbox 157 614 1400 704; baseline -0.003 -19"><span class='ocrx_word' id='word_1_24' title='bbox 157 619 258 704; x_wconf 88' lang='lat' dir='ltr'><strong>capite</strong></span> <span class='ocrx_word' id='word_1_25' title='bbox 287 618 423 686; x_wconf 85' lang='lat' dir='ltr'><strong>defluens</strong></span> <span class='ocrx_word' id='word_1_26' title='bbox 451 617 618 701; x_wconf 85' lang='lat' dir='ltr'><strong>colligatur</strong></span> <span class='ocrx_word' id='word_1_27' title='bbox 648 619 681 683; x_wconf 90' lang='lat' dir='ltr'><strong>et</strong></span> <span class='ocrx_word' id='word_1_28' title='bbox 710 637 761 700; x_wconf 87' lang='lat' dir='ltr'><strong>per</strong></span> <span class='ocrx_word' id='word_1_29' title='bbox 794 617 971 682; x_wconf 89' lang='lat' dir='ltr'><strong>columnam</strong></span> <span class='ocrx_word' id='word_1_30' title='bbox 1006 614 1156 694; x_wconf 81' lang='lat' dir='ltr'><strong>foratam,</strong></span> <span class='ocrx_word' id='word_1_31' title='bbox 1191 635 1269 699; x_wconf 86' lang='lat' dir='ltr'><strong>quae</strong></span> <span class='ocrx_word' id='word_1_32' title='bbox 1298 618 1400 685; x_wconf 87' lang='lat' dir='ltr'><strong>tolum</strong></span> 
     </span>
     <span class='ocr_line' id='line_1_5' title="bbox 157 720 1046 807; baseline -0.002 -20"><span class='ocrx_word' id='word_1_33' title='bbox 157 723 298 801; x_wconf 88' lang='lat' dir='ltr'><strong>sustinet,</strong></span> <span class='ocrx_word' id='word_1_34' title='bbox 323 724 355 788; x_wconf 93' lang='lat' dir='ltr'><strong>in</strong></span> <span class='ocrx_word' id='word_1_35' title='bbox 374 722 544 789; x_wconf 89' lang='lat' dir='ltr'><strong>sacrarium</strong></span> <span class='ocrx_word' id='word_1_36' title='bbox 564 721 753 788; x_wconf 74' lang='lat' dir='ltr'><strong>demittatur</strong></span> <span class='ocrx_word' id='word_1_37' title='bbox 775 722 826 804; x_wconf 79' lang='lat' dir='ltr'><strong>(a.</strong></span> <span class='ocrx_word' id='word_1_38' title='bbox 852 720 895 786; x_wconf 87' lang='grc' dir='ltr'><strong>Μ.</strong></span> <span class='ocrx_word' id='word_1_39' title='bbox 919 721 934 784; x_wconf 90' lang='grc' dir='ltr'>Ι</span> <span class='ocrx_word' id='word_1_40' title='bbox 957 720 1046 807; x_wconf 84' lang='grc'><strong>235).</strong></span> 
     </span>
    </p>

    <p class='ocr_par' dir='ltr' id='par_1_3' title="bbox 157 823 1401 1208">
     <span class='ocr_line' id='line_1_6' title="bbox 260 823 1401 908; baseline -0.004 -13"><span class='ocrx_word' id='word_1_41' title='bbox 260 825 318 895; x_wconf 80' lang='grc'><strong>46.</strong></span> <span class='ocrx_word' id='word_1_42' title='bbox 347 825 441 893; x_wconf 80' lang='lat' dir='ltr'>Sedes</span> <span class='ocrx_word' id='word_1_43' title='bbox 470 826 726 903; x_wconf 60' lang='lat' dir='ltr'><strong>confessionam,</strong></span> <span class='ocrx_word' id='word_1_44' title='bbox 757 826 895 908; x_wconf 89' lang='lat' dir='ltr'><strong>quaein</strong></span> <span class='ocrx_word' id='word_1_45' title='bbox 926 827 1031 908; x_wconf 89' lang='lat' dir='ltr'><strong>aperto</strong></span> <span class='ocrx_word' id='word_1_46' title='bbox 1063 823 1210 891; x_wconf 88' lang='lat' dir='ltr'><strong>ecelesiae</strong></span> <span class='ocrx_word' id='word_1_47' title='bbox 1238 824 1304 890; x_wconf 88' lang='lat' dir='ltr'><strong>loeo</strong></span> <span class='ocrx_word' id='word_1_48' title='bbox 1334 842 1401 891; x_wconf 89' lang='lat' dir='ltr'><strong>esse</strong></span> 
     </span>
     <span class='ocr_line' id='line_1_7' title="bbox 157 928 1401 1009; baseline 0 -15"><span class='ocrx_word' id='word_1_49' title='bbox 157 931 287 1009; x_wconf 86' lang='lat' dir='ltr'><strong>debent,</strong></span> <span class='ocrx_word' id='word_1_50' title='bbox 318 930 363 997; x_wconf 88' lang='lat' dir='ltr'><strong>ita</strong></span> <span class='ocrx_word' id='word_1_51' title='bbox 394 932 635 997; x_wconf 81' lang='lat' dir='ltr'>dimensionibus</span> <span class='ocrx_word' id='word_1_52' title='bbox 658 929 817 995; x_wconf 88' lang='lat' dir='ltr'><strong>ordinatae</strong></span> <span class='ocrx_word' id='word_1_53' title='bbox 840 929 921 1006; x_wconf 79' lang='lat' dir='ltr'><strong>sint,</strong></span> <span class='ocrx_word' id='word_1_54' title='bbox 950 931 986 994; x_wconf 93' lang='lat' dir='ltr'><strong>ut</strong></span> <span class='ocrx_word' id='word_1_55' title='bbox 1010 928 1203 997; x_wconf 77' lang='lat' dir='ltr'><strong>confessariis</strong></span> <span class='ocrx_word' id='word_1_56' title='bbox 1225 948 1286 996; x_wconf 90' lang='lat' dir='ltr'><strong>non</strong></span> <span class='ocrx_word' id='word_1_57' title='bbox 1309 928 1401 995; x_wconf 91' lang='lat' dir='ltr'><strong>nimis</strong></span> 
     </span>
     <span class='ocr_line' id='line_1_8' title="bbox 158 1032 1401 1117; baseline -0.001 -18"><span class='ocrx_word' id='word_1_58' title='bbox 158 1035 316 1101; x_wconf 87' lang='lat' dir='ltr'><strong>molestiae</strong></span> <span class='ocrx_word' id='word_1_59' title='bbox 339 1036 478 1103; x_wconf 84' lang='lat' dir='ltr'><strong>afferant.</strong></span> <span class='ocrx_word' id='word_1_60' title='bbox 512 1034 601 1103; x_wconf 89' lang='lat' dir='ltr'><strong>Ostio</strong></span> <span class='ocrx_word' id='word_1_61' title='bbox 624 1053 678 1099; x_wconf 91' lang='lat' dir='ltr'><strong>seu</strong></span> <span class='ocrx_word' id='word_1_62' title='bbox 701 1033 838 1100; x_wconf 89' lang='lat' dir='ltr'><strong>cancello</strong></span> <span class='ocrx_word' id='word_1_63' title='bbox 858 1032 1027 1099; x_wconf 86' lang='lat' dir='ltr'><strong>instructae</strong></span> <span class='ocrx_word' id='word_1_64' title='bbox 1049 1033 1134 1099; x_wconf 90' lang='lat' dir='ltr'><strong>intus</strong></span> <span class='ocrx_word' id='word_1_65' title='bbox 1154 1034 1401 1117; x_wconf 81' lang='lat' dir='ltr'><strong>extrimecusquc</strong></span> 
     </span>
     <span class='ocr_line' id='line_1_9' title="bbox 157 1137 1306 1208; baseline -0.002 -3"><span class='ocrx_word' id='word_1_66' title='bbox 157 1139 309 1206; x_wconf 89' lang='lat' dir='ltr'><strong>cubitalia</strong></span> <span class='ocrx_word' id='word_1_67' title='bbox 332 1141 466 1206; x_wconf 84' lang='lat' dir='ltr'><strong>habeant</strong></span> <span class='ocrx_word' id='word_1_68' title='bbox 489 1158 604 1207; x_wconf 82' lang='lat' dir='ltr'>necnon</span> <span class='ocrx_word' id='word_1_69' title='bbox 625 1142 726 1208; x_wconf 90' lang='lat' dir='ltr'><strong>crates</strong></span> <span class='ocrx_word' id='word_1_70' title='bbox 748 1157 801 1206; x_wconf 88' lang='lat' dir='ltr'><strong>sou</strong></span> <span class='ocrx_word' id='word_1_71' title='bbox 823 1137 1000 1204; x_wconf 85' lang='lat' dir='ltr'><strong>fenestellas</strong></span> <span class='ocrx_word' id='word_1_72' title='bbox 1023 1137 1142 1205; x_wconf 91' lang='lat' dir='ltr'><strong>ostiolis</strong></span> <span class='ocrx_word' id='word_1_73' title='bbox 1162 1138 1306 1205; x_wconf 90' lang='lat' dir='ltr'><strong>munitas.</strong></span> 
     </span>
    </p>

    <p class='ocr_par' dir='ltr' id='par_1_4' title="bbox 157 1243 1402 2267">
     <span class='ocr_line' id='line_1_10' title="bbox 261 1243 1400 1329; baseline -0.004 -16"><span class='ocrx_word' id='word_1_74' title='bbox 261 1243 314 1313; x_wconf 75' lang='lat'><strong>47.</strong></span> <span class='ocrx_word' id='word_1_75' title='bbox 347 1244 445 1311; x_wconf 79' lang='lat' dir='ltr'><strong>Curae</strong></span> <span class='ocrx_word' id='word_1_76' title='bbox 467 1244 615 1329; x_wconf 74' lang='lat' dir='ltr'>peculiari</span> <span class='ocrx_word' id='word_1_77' title='bbox 637 1244 681 1311; x_wconf 88' lang='lat' dir='ltr'><strong>sit</strong></span> <span class='ocrx_word' id='word_1_78' title='bbox 699 1243 833 1326; x_wconf 78' lang='lat' dir='ltr'>parocho</span> <span class='ocrx_word' id='word_1_79' title='bbox 856 1243 1015 1322; x_wconf 84' lang='lat' dir='ltr'><strong>sacristia,</strong></span> <span class='ocrx_word' id='word_1_80' title='bbox 1045 1261 1124 1327; x_wconf 87' lang='lat' dir='ltr'><strong>quae</strong></span> <span class='ocrx_word' id='word_1_81' title='bbox 1154 1261 1225 1327; x_wconf 89' lang='lat' dir='ltr'><strong>pare</strong></span> <span class='ocrx_word' id='word_1_82' title='bbox 1255 1243 1400 1310; x_wconf 87' lang='lat' dir='ltr'><strong>ecclesiae</strong></span> 
     </span>
     <span class='ocr_line' id='line_1_11' title="bbox 159 1346 1401 1432; baseline -0.001 -18"><span class='ocrx_word' id='word_1_83' title='bbox 159 1349 301 1417; x_wconf 88' lang='lat' dir='ltr'><strong>habetur.</strong></span> <span class='ocrx_word' id='word_1_84' title='bbox 346 1350 406 1415; x_wconf 90' lang='lat' dir='ltr'><strong>Hic</strong></span> <span class='ocrx_word' id='word_1_85' title='bbox 436 1348 538 1415; x_wconf 88' lang='lat' dir='ltr'><strong>omnia</strong></span> <span class='ocrx_word' id='word_1_86' title='bbox 571 1349 713 1415; x_wconf 91' lang='lat' dir='ltr'><strong>ordinata</strong></span> <span class='ocrx_word' id='word_1_87' title='bbox 741 1349 773 1413; x_wconf 87' lang='lat' dir='ltr'><strong>et</strong></span> <span class='ocrx_word' id='word_1_88' title='bbox 804 1346 905 1413; x_wconf 91' lang='lat' dir='ltr'><strong>nitida</strong></span> <span class='ocrx_word' id='word_1_89' title='bbox 934 1346 1138 1432; x_wconf 79' lang='lat' dir='ltr'><strong>reperiantur.</strong></span> <span class='ocrx_word' id='word_1_90' title='bbox 1191 1346 1306 1414; x_wconf 75' lang='lat' dir='ltr'><strong>Adsint</strong></span> <span class='ocrx_word' id='word_1_91' title='bbox 1335 1348 1401 1413; x_wconf 91' lang='lat' dir='ltr'><strong>loco</strong></span> 
     </span>
     <span class='ocr_line' id='line_1_12' title="bbox 157 1450 1400 1538; baseline -0.002 -19"><span class='ocrx_word' id='word_1_92' title='bbox 157 1454 320 1537; x_wconf 86' lang='lat' dir='ltr'><strong>conspicuo</strong></span> <span class='ocrx_word' id='word_1_93' title='bbox 343 1453 487 1520; x_wconf 81' lang='lat' dir='ltr'><strong>Crucifiri</strong></span> <span class='ocrx_word' id='word_1_94' title='bbox 508 1453 631 1538; x_wconf 80' lang='lat' dir='ltr'><strong>imago,</strong></span> <span class='ocrx_word' id='word_1_95' title='bbox 659 1452 727 1519; x_wconf 85' lang='lat' dir='ltr'><strong>iona</strong></span> <span class='ocrx_word' id='word_1_96' title='bbox 758 1454 792 1519; x_wconf 91' lang='lat' dir='ltr'><strong>et</strong></span> <span class='ocrx_word' id='word_1_97' title='bbox 813 1451 957 1517; x_wconf 89' lang='lat' dir='ltr'><strong>mantilia</strong></span> <span class='ocrx_word' id='word_1_98' title='bbox 979 1452 1091 1536; x_wconf 88' lang='lat' dir='ltr'><strong>quibus</strong></span> <span class='ocrx_word' id='word_1_99' title='bbox 1112 1469 1222 1517; x_wconf 89' lang='lat' dir='ltr'><strong>manus</strong></span> <span class='ocrx_word' id='word_1_100' title='bbox 1243 1450 1325 1517; x_wconf 89' lang='lat' dir='ltr'><strong>lotae</strong></span> <span class='ocrx_word' id='word_1_101' title='bbox 1347 1451 1400 1517; x_wconf 89' lang='lat' dir='ltr'><strong>de·</strong></span> 
     </span>
     <span class='ocr_line' id='line_1_13' title="bbox 157 1554 1401 1641; baseline -0.002 -19"><span class='ocrx_word' id='word_1_102' title='bbox 157 1560 337 1641; x_wconf 80' lang='lat' dir='ltr'><strong>tergantur,</strong></span> <span class='ocrx_word' id='word_1_103' title='bbox 368 1558 523 1637; x_wconf 87' lang='lat' dir='ltr'><strong>tabellae,</strong></span> <span class='ocrx_word' id='word_1_104' title='bbox 554 1558 586 1623; x_wconf 94' lang='lat' dir='ltr'><strong>in</strong></span> <span class='ocrx_word' id='word_1_105' title='bbox 615 1557 727 1641; x_wconf 87' lang='lat' dir='ltr'>quibus</span> <span class='ocrx_word' id='word_1_106' title='bbox 758 1555 908 1640; x_wconf 89' lang='lat' dir='ltr'><strong>inscripta</strong></span> <span class='ocrx_word' id='word_1_107' title='bbox 935 1557 1008 1621; x_wconf 92' lang='lat' dir='ltr'><strong>sunt</strong></span> <span class='ocrx_word' id='word_1_108' title='bbox 1032 1554 1157 1623; x_wconf 90' lang='lat' dir='ltr'><strong>nomina</strong></span> <span class='ocrx_word' id='word_1_109' title='bbox 1180 1555 1329 1621; x_wconf 84' lang='lat' dir='ltr'><strong>Titularis</strong></span> <span class='ocrx_word' id='word_1_110' title='bbox 1352 1574 1401 1620; x_wconf 90' lang='lat' dir='ltr'><strong>ec·</strong></span> 
     </span>
     <span class='ocr_line' id='line_1_14' title="bbox 157 1658 1402 1747; baseline -0.002 -20"><span class='ocrx_word' id='word_1_111' title='bbox 157 1663 271 1728; x_wconf 85' lang='lat' dir='ltr'><strong>clasiae</strong></span> <span class='ocrx_word' id='word_1_112' title='bbox 286 1665 320 1728; x_wconf 89' lang='lat' dir='ltr'><strong>et</strong></span> <span class='ocrx_word' id='word_1_113' title='bbox 331 1662 474 1746; x_wconf 85' lang='lat' dir='ltr'><strong>episcopi,</strong></span> <span class='ocrx_word' id='word_1_114' title='bbox 497 1662 605 1737; x_wconf 84' lang='lat' dir='ltr'><strong>oratio,</strong></span> <span class='ocrx_word' id='word_1_115' title='bbox 629 1662 654 1726; x_wconf 94' lang='lat' dir='ltr'><strong>si</strong></span> <span class='ocrx_word' id='word_1_116' title='bbox 671 1680 732 1744; x_wconf 86' lang='lat' dir='ltr'><strong>qua</strong></span> <span class='ocrx_word' id='word_1_117' title='bbox 747 1662 805 1739; x_wconf 81' lang='lat' dir='ltr'><strong>est,</strong></span> <span class='ocrx_word' id='word_1_118' title='bbox 831 1660 993 1746; x_wconf 88' lang='lat' dir='ltr'><strong>imperata,</strong></span> <span class='ocrx_word' id='word_1_119' title='bbox 1017 1658 1163 1727; x_wconf 86' lang='lat' dir='ltr'><strong>elenchus</strong></span> <span class='ocrx_word' id='word_1_120' title='bbox 1186 1658 1237 1742; x_wconf 83' lang='lat' dir='ltr'><strong>(G.</strong></span> <span class='ocrx_word' id='word_1_121' title='bbox 1253 1660 1331 1747; x_wconf 88' lang='grc'>315)</span> <span class='ocrx_word' id='word_1_122' title='bbox 1347 1680 1402 1725; x_wconf 91' lang='lat' dir='ltr'><strong>an·</strong></span> 
     </span>
     <span class='ocr_line' id='line_1_15' title="bbox 157 1764 1400 1849; baseline 0.002 -19"><span class='ocrx_word' id='word_1_123' title='bbox 157 1766 406 1845; x_wconf 79' lang='lat' dir='ltr'><strong>diversoriorum,</strong></span> <span class='ocrx_word' id='word_1_124' title='bbox 430 1766 490 1831; x_wconf 90' lang='lat' dir='ltr'><strong>nisi</strong></span> <span class='ocrx_word' id='word_1_125' title='bbox 514 1766 574 1844; x_wconf 82' lang='lat' dir='ltr'><strong>hic,</strong></span> <span class='ocrx_word' id='word_1_126' title='bbox 597 1764 677 1849; x_wconf 77' lang='lat' dir='ltr'><strong>quood</strong></span> <span class='ocrx_word' id='word_1_127' title='bbox 695 1765 896 1849; x_wconf 90' lang='lat' dir='ltr'><strong>opportunius</strong></span> <span class='ocrx_word' id='word_1_128' title='bbox 912 1766 970 1843; x_wconf 78' lang='lat' dir='ltr'><strong>est,</strong></span> <span class='ocrx_word' id='word_1_129' title='bbox 993 1764 1025 1829; x_wconf 92' lang='lat' dir='ltr'><strong>in</strong></span> <span class='ocrx_word' id='word_1_130' title='bbox 1041 1764 1171 1831; x_wconf 88' lang='lat' dir='ltr'><strong>eeclesia</strong></span> <span class='ocrx_word' id='word_1_131' title='bbox 1187 1764 1400 1848; x_wconf 88' lang='lat' dir='ltr'><strong>suspendatur.</strong></span> 
     </span>
     <span class='ocr_line' id='line_1_16' title="bbox 159 1867 1402 1954; baseline 0 -21"><span class='ocrx_word' id='word_1_132' title='bbox 159 1869 278 1934; x_wconf 80' lang='lat' dir='ltr'><strong>Calices</strong></span> <span class='ocrx_word' id='word_1_133' title='bbox 301 1872 466 1954; x_wconf 89' lang='lat' dir='ltr'><strong>ceteraque</strong></span> <span class='ocrx_word' id='word_1_134' title='bbox 489 1888 562 1935; x_wconf 81' lang='lat' dir='ltr'><strong>nasa</strong></span> <span class='ocrx_word' id='word_1_135' title='bbox 583 1888 688 1949; x_wconf 88' lang='lat' dir='ltr'><strong>saera,</strong></span> <span class='ocrx_word' id='word_1_136' title='bbox 717 1869 833 1947; x_wconf 84' lang='lat' dir='ltr'><strong>lintea,</strong></span> <span class='ocrx_word' id='word_1_137' title='bbox 863 1869 935 1934; x_wconf 88' lang='lat' dir='ltr'><strong>libri</strong></span> <span class='ocrx_word' id='word_1_138' title='bbox 957 1867 1114 1953; x_wconf 81' lang='lat' dir='ltr'>liturgici,</span> <span class='ocrx_word' id='word_1_139' title='bbox 1137 1870 1264 1933; x_wconf 85' lang='lat' dir='ltr'><strong>ornatus</strong></span> <span class='ocrx_word' id='word_1_140' title='bbox 1287 1869 1318 1933; x_wconf 93' lang='lat' dir='ltr'><strong>in</strong></span> <span class='ocrx_word' id='word_1_141' title='bbox 1338 1868 1402 1934; x_wconf 92' lang='lat' dir='ltr'><strong>suis</strong></span> 
     </span>
     <span class='ocr_line' id='line_1_17' title="bbox 158 1972 1400 2057; baseline 0.001 -20"><span class='ocrx_word' id='word_1_142' title='bbox 158 1973 302 2038; x_wconf 88' lang='lat' dir='ltr'><strong>armariis</strong></span> <span class='ocrx_word' id='word_1_143' title='bbox 324 1974 547 2040; x_wconf 82' lang='lat' dir='ltr'><strong>custodiantur.</strong></span> <span class='ocrx_word' id='word_1_144' title='bbox 593 1973 717 2039; x_wconf 81' lang='lat' dir='ltr'><strong>Habeat</strong></span> <span class='ocrx_word' id='word_1_145' title='bbox 738 1975 843 2038; x_wconf 64' lang='lat' dir='ltr'><strong>auum</strong></span> <span class='ocrx_word' id='word_1_146' title='bbox 867 1972 1008 2039; x_wconf 75' lang='lat' dir='ltr'><strong>sannatia</strong></span> <span class='ocrx_word' id='word_1_147' title='bbox 1027 1972 1176 2057; x_wconf 86' lang='lat' dir='ltr'><strong>januam,</strong></span> <span class='ocrx_word' id='word_1_148' title='bbox 1203 1990 1280 2056; x_wconf 88' lang='lat' dir='ltr'><strong>quae</strong></span> <span class='ocrx_word' id='word_1_149' title='bbox 1304 1972 1400 2038; x_wconf 88' lang='lat' dir='ltr'><strong>solide</strong></span> 
     </span>
     <span class='ocr_line' id='line_1_18' title="bbox 159 2076 1401 2161; baseline 0 -20"><span class='ocrx_word' id='word_1_150' title='bbox 159 2078 263 2143; x_wconf 88' lang='lat' dir='ltr'><strong>claudi</strong></span> <span class='ocrx_word' id='word_1_151' title='bbox 284 2078 389 2161; x_wconf 89' lang='lat' dir='ltr'><strong>possit.</strong></span> <span class='ocrx_word' id='word_1_152' title='bbox 435 2078 599 2144; x_wconf 73' lang='lat' dir='ltr'><strong>lenestrae</strong></span> <span class='ocrx_word' id='word_1_153' title='bbox 622 2078 687 2143; x_wconf 88' lang='lat' dir='ltr'><strong>sint</strong></span> <span class='ocrx_word' id='word_1_154' title='bbox 708 2078 882 2155; x_wconf 87' lang='lat' dir='ltr'><strong>elatratee;</strong></span> <span class='ocrx_word' id='word_1_155' title='bbox 919 2076 971 2143; x_wconf 90' lang='lat' dir='ltr'><strong>aed</strong></span> <span class='ocrx_word' id='word_1_156' title='bbox 1004 2096 1056 2143; x_wconf 87' lang='lat' dir='ltr'><strong>aer</strong></span> <span class='ocrx_word' id='word_1_157' title='bbox 1084 2078 1259 2161; x_wconf 75' lang='lat' dir='ltr'><strong>frequenter</strong></span> <span class='ocrx_word' id='word_1_158' title='bbox 1283 2077 1401 2142; x_wconf 89' lang='lat' dir='ltr'><strong>immit-</strong></span> 
     </span>
     <span class='ocr_line' id='line_1_19' title="bbox 159 2181 1309 2267; baseline 0 -20"><span class='ocrx_word' id='word_1_159' title='bbox 159 2185 256 2261; x_wconf 79' lang='lat' dir='ltr'><strong>tatur,</strong></span> <span class='ocrx_word' id='word_1_160' title='bbox 279 2186 325 2261; x_wconf 87' lang='lat' dir='ltr'><strong>ut,</strong></span> <span class='ocrx_word' id='word_1_161' title='bbox 348 2201 441 2267; x_wconf 89' lang='lat' dir='ltr'><strong>quam</strong></span> <span class='ocrx_word' id='word_1_162' title='bbox 465 2182 595 2248; x_wconf 80' lang='lat' dir='ltr'><strong>maxime</strong></span> <span class='ocrx_word' id='word_1_163' title='bbox 618 2181 685 2247; x_wconf 88' lang='lat' dir='ltr'><strong>lieri</strong></span> <span class='ocrx_word' id='word_1_164' title='bbox 707 2182 813 2267; x_wconf 80' lang='lat' dir='ltr'><strong>possit,</strong></span> <span class='ocrx_word' id='word_1_165' title='bbox 838 2182 921 2248; x_wconf 88' lang='lat' dir='ltr'><strong>sicca</strong></span> <span class='ocrx_word' id='word_1_166' title='bbox 944 2181 1137 2266; x_wconf 83' lang='lat' dir='ltr'><strong>salubrisque</strong></span> <span class='ocrx_word' id='word_1_167' title='bbox 1160 2184 1309 2247; x_wconf 83' lang='lat' dir='ltr'><strong>serretur.</strong></span> 
     </span>
    </p>

    <p class='ocr_par' dir='ltr' id='par_1_5' title="bbox 157 2273 1401 2789">
     <span class='ocr_line' id='line_1_20' title="bbox 262 2273 1400 2371; baseline -0.002 -18"><span class='ocrx_word' id='word_1_168' title='bbox 262 2285 371 2353; x_wconf 80' lang='lat' dir='ltr'><strong>Senem</strong></span> <span class='ocrx_word' id='word_1_169' title='bbox 393 2273 662 2365; x_wconf 77' lang='lat' dir='ltr'><strong>confessionalem‚</strong></span> <span class='ocrx_word' id='word_1_170' title='bbox 685 2305 763 2370; x_wconf 91' lang='lat' dir='ltr'><strong>quae</strong></span> <span class='ocrx_word' id='word_1_171' title='bbox 784 2286 981 2371; x_wconf 85' lang='lat' dir='ltr'><strong>praescriptis</strong></span> <span class='ocrx_word' id='word_1_172' title='bbox 1007 2284 1162 2351; x_wconf 71' lang='lat' dir='ltr'><strong>Ecclesiae</strong></span> <span class='ocrx_word' id='word_1_173' title='bbox 1185 2287 1345 2371; x_wconf 86' lang='lat' dir='ltr'><strong>congruat,</strong></span> <span class='ocrx_word' id='word_1_174' title='bbox 1369 2286 1400 2351; x_wconf 93' lang='lat' dir='ltr'><strong>in</strong></span> 
     </span>
     <span class='ocr_line' id='line_1_21' title="bbox 157 2390 1401 2475; baseline -0.001 -18"><span class='ocrx_word' id='word_1_175' title='bbox 157 2391 466 2459; x_wconf 88' lang='lat' dir='ltr'><strong>sacristiacoliocari</strong></span> <span class='ocrx_word' id='word_1_176' title='bbox 488 2392 572 2471; x_wconf 82' lang='lat' dir='ltr'><strong>licet,</strong></span> <span class='ocrx_word' id='word_1_177' title='bbox 594 2392 787 2470; x_wconf 78' lang='lat' dir='ltr'><strong>ulceribus,</strong></span> <span class='ocrx_word' id='word_1_178' title='bbox 810 2391 921 2470; x_wconf 86' lang='lat' dir='ltr'><strong>surdis,</strong></span> <span class='ocrx_word' id='word_1_179' title='bbox 950 2390 1179 2475; x_wconf 84' lang='lat' dir='ltr'><strong>poenitentibus</strong></span> <span class='ocrx_word' id='word_1_180' title='bbox 1202 2390 1326 2456; x_wconf 87' lang='lat' dir='ltr'><strong>infirma</strong></span> <span class='ocrx_word' id='word_1_181' title='bbox 1349 2409 1401 2456; x_wconf 85' lang='lat' dir='ltr'><strong>va·</strong></span> 
     </span>
     <span class='ocr_line' id='line_1_22' title="bbox 158 2493 1400 2579; baseline -0.002 -17"><span class='ocrx_word' id='word_1_182' title='bbox 158 2496 290 2562; x_wconf 84' lang='lat' dir='ltr'><strong>latudini</strong></span> <span class='ocrx_word' id='word_1_183' title='bbox 309 2496 523 2562; x_wconf 86' lang='lat' dir='ltr'><strong>laborantibus</strong></span> <span class='ocrx_word' id='word_1_184' title='bbox 544 2496 702 2563; x_wconf 79' lang='lat' dir='ltr'><strong>inserviat.</strong></span> <span class='ocrx_word' id='word_1_185' title='bbox 746 2496 814 2579; x_wconf 85' lang='lat' dir='ltr'><strong>Quo</strong></span> <span class='ocrx_word' id='word_1_186' title='bbox 836 2496 869 2560; x_wconf 94' lang='lat' dir='ltr'><strong>in</strong></span> <span class='ocrx_word' id='word_1_187' title='bbox 892 2514 982 2572; x_wconf 81' lang='lat' dir='ltr'><strong>casn,</strong></span> <span class='ocrx_word' id='word_1_188' title='bbox 1011 2494 1108 2579; x_wconf 88' lang='lat' dir='ltr'><strong>janua</strong></span> <span class='ocrx_word' id='word_1_189' title='bbox 1131 2493 1290 2561; x_wconf 80' lang='lat' dir='ltr'><strong>sacristiae</strong></span> <span class='ocrx_word' id='word_1_190' title='bbox 1314 2513 1400 2579; x_wconf 89' lang='lat' dir='ltr'><strong>eper-</strong></span> 
     </span>
     <span class='ocr_line' id='line_1_23' title="bbox 159 2598 1401 2684; baseline -0.002 -19"><span class='ocrx_word' id='word_1_191' title='bbox 159 2603 261 2665; x_wconf 89' lang='lat' dir='ltr'><strong>turam</strong></span> <span class='ocrx_word' id='word_1_192' title='bbox 284 2601 391 2666; x_wconf 90' lang='lat' dir='ltr'><strong>vitreis</strong></span> <span class='ocrx_word' id='word_1_193' title='bbox 414 2601 538 2666; x_wconf 89' lang='lat' dir='ltr'><strong>laminis</strong></span> <span class='ocrx_word' id='word_1_194' title='bbox 560 2601 714 2665; x_wconf 89' lang='lat' dir='ltr'><strong>munitam</strong></span> <span class='ocrx_word' id='word_1_195' title='bbox 736 2599 868 2678; x_wconf 88' lang='lat' dir='ltr'><strong>habeat,</strong></span> <span class='ocrx_word' id='word_1_196' title='bbox 901 2617 962 2684; x_wconf 88' lang='lat' dir='ltr'><strong>qua</strong></span> <span class='ocrx_word' id='word_1_197' title='bbox 992 2598 1079 2665; x_wconf 90' lang='lat' dir='ltr'><strong>sedes</strong></span> <span class='ocrx_word' id='word_1_198' title='bbox 1108 2598 1339 2665; x_wconf 82' lang='lat' dir='ltr'><strong>confessionalis</strong></span> <span class='ocrx_word' id='word_1_199' title='bbox 1366 2618 1401 2663; x_wconf 85' lang='lat' dir='ltr'><strong>er</strong></span> 
     </span>
     <span class='ocr_line' id='line_1_24' title="bbox 159 2702 795 2789; baseline 0.002 -20"><span class='ocrx_word' id='word_1_200' title='bbox 159 2704 290 2769; x_wconf 86' lang='lat' dir='ltr'><strong>ecclesia</strong></span> <span class='ocrx_word' id='word_1_201' title='bbox 312 2704 445 2787; x_wconf 89' lang='lat' dir='ltr'><strong>conspici</strong></span> <span class='ocrx_word' id='word_1_202' title='bbox 468 2704 565 2787; x_wconf 88' lang='lat' dir='ltr'><strong>possit</strong></span> <span class='ocrx_word' id='word_1_203' title='bbox 586 2702 685 2789; x_wconf 83' lang='lat' dir='ltr'><strong>(Meta</strong></span> <span class='ocrx_word' id='word_1_204' title='bbox 710 2702 795 2787; x_wconf 83' lang='lat'>109).</span> 
     </span>
    </p>

    <p class='ocr_par' dir='ltr' id='par_1_6' title="bbox 158 2804 1403 3518">
     <span class='ocr_line' id='line_1_25' title="bbox 262 2804 1400 2891; baseline -0.005 -14"><span class='ocrx_word' id='word_1_205' title='bbox 262 2806 319 2877; x_wconf 78' lang='lat'><strong>48.</strong></span> <span class='ocrx_word' id='word_1_206' title='bbox 347 2808 390 2872; x_wconf 85' lang='lat' dir='ltr'><strong>De</strong></span> <span class='ocrx_word' id='word_1_207' title='bbox 414 2806 555 2873; x_wconf 85' lang='lat' dir='ltr'><strong>oratoriis</strong></span> <span class='ocrx_word' id='word_1_208' title='bbox 577 2806 710 2891; x_wconf 90' lang='lat' dir='ltr'><strong>publicis</strong></span> <span class='ocrx_word' id='word_1_209' title='bbox 730 2808 762 2873; x_wconf 92' lang='lat' dir='ltr'><strong>et</strong></span> <span class='ocrx_word' id='word_1_210' title='bbox 782 2806 920 2873; x_wconf 88' lang='lat' dir='ltr'><strong>ecclesiis</strong></span> <span class='ocrx_word' id='word_1_211' title='bbox 943 2804 1078 2886; x_wconf 84' lang='lat' dir='ltr'><strong>adnexis,</strong></span> <span class='ocrx_word' id='word_1_212' title='bbox 1102 2825 1179 2891; x_wconf 89' lang='lat' dir='ltr'><strong>quae</strong></span> <span class='ocrx_word' id='word_1_213' title='bbox 1203 2808 1323 2891; x_wconf 86' lang='lat' dir='ltr'><strong>praeter</strong></span> <span class='ocrx_word' id='word_1_214' title='bbox 1345 2826 1400 2890; x_wconf 91' lang='lat' dir='ltr'><strong>pa·</strong></span> 
     </span>
     <span class='ocr_line' id='line_1_26' title="bbox 159 2909 1402 2995; baseline -0.001 -17"><span class='ocrx_word' id='word_1_215' title='bbox 159 2912 326 2979; x_wconf 87' lang='lat' dir='ltr'><strong>rochialem</strong></span> <span class='ocrx_word' id='word_1_216' title='bbox 344 2911 376 2977; x_wconf 93' lang='lat' dir='ltr'><strong>iu</strong></span> <span class='ocrx_word' id='word_1_217' title='bbox 396 2910 550 2979; x_wconf 87' lang='lat' dir='ltr'><strong>territorio</strong></span> <span class='ocrx_word' id='word_1_218' title='bbox 566 2911 729 2995; x_wconf 88' lang='lat' dir='ltr'><strong>parochiae</strong></span> <span class='ocrx_word' id='word_1_219' title='bbox 744 2913 827 2991; x_wconf 71' lang='lat' dir='ltr'><strong>eunt</strong></span> <span class='ocrx_word' id='word_1_220' title='bbox 853 2911 958 2977; x_wconf 90' lang='lat' dir='ltr'><strong>eadem</strong></span> <span class='ocrx_word' id='word_1_221' title='bbox 979 2910 1094 2990; x_wconf 80' lang='lat' dir='ltr'><strong>valent,</strong></span> <span class='ocrx_word' id='word_1_222' title='bbox 1114 2929 1194 2995; x_wconf 88' lang='lat' dir='ltr'><strong>quae</strong></span> <span class='ocrx_word' id='word_1_223' title='bbox 1210 2911 1248 2977; x_wconf 89' lang='lat' dir='ltr'><strong>de</strong></span> <span class='ocrx_word' id='word_1_224' title='bbox 1264 2909 1402 2977; x_wconf 88' lang='lat' dir='ltr'><strong>ecclesiis</strong></span> 
     </span>
     <span class='ocr_line' id='line_1_27' title="bbox 158 3014 1402 3095; baseline -0.002 -11"><span class='ocrx_word' id='word_1_225' title='bbox 158 3015 351 3084; x_wconf 82' lang='lat' dir='ltr'><strong>exstruendis</strong></span> <span class='ocrx_word' id='word_1_226' title='bbox 374 3017 406 3082; x_wconf 93' lang='lat' dir='ltr'><strong>et</strong></span> <span class='ocrx_word' id='word_1_227' title='bbox 428 3016 626 3095; x_wconf 80' lang='lat' dir='ltr'><strong>decorandis,</strong></span> <span class='ocrx_word' id='word_1_228' title='bbox 657 3016 868 3082; x_wconf 90' lang='lat' dir='ltr'><strong>instaurandis</strong></span> <span class='ocrx_word' id='word_1_229' title='bbox 900 3017 931 3082; x_wconf 91' lang='lat' dir='ltr'><strong>et</strong></span> <span class='ocrx_word' id='word_1_230' title='bbox 964 3014 1167 3081; x_wconf 89' lang='lat' dir='ltr'><strong>demoliendis</strong></span> <span class='ocrx_word' id='word_1_231' title='bbox 1201 3015 1286 3081; x_wconf 89' lang='lat' dir='ltr'><strong>dicta</strong></span> <span class='ocrx_word' id='word_1_232' title='bbox 1318 3018 1402 3082; x_wconf 89' lang='lat' dir='ltr'><strong>sunt.</strong></span> 
     </span>
     <span class='ocr_line' id='line_1_28' title="bbox 158 3118 1402 3206; baseline -0.001 -20"><span class='ocrx_word' id='word_1_233' title='bbox 158 3122 245 3205; x_wconf 85' lang='lat' dir='ltr'><strong>Quae</strong></span> <span class='ocrx_word' id='word_1_234' title='bbox 267 3122 401 3188; x_wconf 87' lang='lat' dir='ltr'><strong>oratoria</strong></span> <span class='ocrx_word' id='word_1_235' title='bbox 423 3140 459 3186; x_wconf 84' lang='lat' dir='ltr'><strong>er</strong></span> <span class='ocrx_word' id='word_1_236' title='bbox 481 3120 550 3206; x_wconf 82' lang='lat' dir='ltr'><strong>lege</strong></span> <span class='ocrx_word' id='word_1_237' title='bbox 571 3120 623 3206; x_wconf 84' lang='lat' dir='ltr'><strong>(G.</strong></span> <span class='ocrx_word' id='word_1_238' title='bbox 651 3120 724 3205; x_wconf 80' lang='lat'>187)</span> <span class='ocrx_word' id='word_1_239' title='bbox 754 3121 812 3187; x_wconf 86' lang='lat' dir='ltr'><strong>sub</strong></span> <span class='ocrx_word' id='word_1_240' title='bbox 843 3122 997 3204; x_wconf 86' lang='lat' dir='ltr'><strong>potestate</strong></span> <span class='ocrx_word' id='word_1_241' title='bbox 1018 3121 1093 3186; x_wconf 88' lang='lat' dir='ltr'><strong>suut</strong></span> <span class='ocrx_word' id='word_1_242' title='bbox 1114 3118 1402 3187; x_wconf 87' lang='lat' dir='ltr'><strong>administratorum</strong></span> 
     </span>
     <span class='ocr_line' id='line_1_29' title="bbox 158 3223 1401 3310; baseline -0.002 -18"><span class='ocrx_word' id='word_1_243' title='bbox 158 3224 305 3292; x_wconf 87' lang='lat' dir='ltr'><strong>ecclesiae</strong></span> <span class='ocrx_word' id='word_1_244' title='bbox 328 3226 524 3310; x_wconf 83' lang='lat' dir='ltr'><strong>parochialis.</strong></span> <span class='ocrx_word' id='word_1_245' title='bbox 561 3225 693 3292; x_wconf 85' lang='lat' dir='ltr'><strong>Perochi</strong></span> <span class='ocrx_word' id='word_1_246' title='bbox 716 3244 752 3291; x_wconf 91' lang='lat' dir='ltr'><strong>ea</strong></span> <span class='ocrx_word' id='word_1_247' title='bbox 774 3226 952 3309; x_wconf 81' lang='lat' dir='ltr'><strong>frequenter</strong></span> <span class='ocrx_word' id='word_1_248' title='bbox 973 3223 1107 3305; x_wconf 85' lang='lat' dir='ltr'><strong>visitent,</strong></span> <span class='ocrx_word' id='word_1_249' title='bbox 1131 3224 1310 3309; x_wconf 88' lang='lat' dir='ltr'><strong>praesertim</strong></span> <span class='ocrx_word' id='word_1_250' title='bbox 1332 3242 1401 3290; x_wconf 86' lang='lat' dir='ltr'><strong>curn</strong></span> 
     </span>
     <span class='ocr_line' id='line_1_30' title="bbox 159 3328 1403 3415; baseline -0.002 -19"><span class='ocrx_word' id='word_1_251' title='bbox 159 3330 405 3414; x_wconf 85' lang='lat' dir='ltr'><strong>appropinquant</strong></span> <span class='ocrx_word' id='word_1_252' title='bbox 424 3329 505 3408; x_wconf 83' lang='lat' dir='ltr'><strong>dies,</strong></span> <span class='ocrx_word' id='word_1_253' title='bbox 536 3329 648 3415; x_wconf 86' lang='lat' dir='ltr'><strong>quibus</strong></span> <span class='ocrx_word' id='word_1_254' title='bbox 679 3330 757 3395; x_wconf 88' lang='lat' dir='ltr'><strong>inibi</strong></span> <span class='ocrx_word' id='word_1_255' title='bbox 785 3330 1000 3396; x_wconf 85' lang='lat' dir='ltr'><strong>solemnitates</strong></span> <span class='ocrx_word' id='word_1_256' title='bbox 1023 3328 1172 3394; x_wconf 89' lang='lat' dir='ltr'><strong>celebrari</strong></span> <span class='ocrx_word' id='word_1_257' title='bbox 1195 3330 1337 3412; x_wconf 82' lang='lat' dir='ltr'><strong>oportet,</strong></span> <span class='ocrx_word' id='word_1_258' title='bbox 1367 3330 1403 3393; x_wconf 93' lang='lat' dir='ltr'><strong>ut</strong></span> 
     </span>
     <span class='ocr_line' id='line_1_31' title="bbox 158 3433 1403 3518; baseline -0.003 -17"><span class='ocrx_word' id='word_1_259' title='bbox 158 3435 305 3501; x_wconf 89' lang='lat' dir='ltr'><strong>certiores</strong></span> <span class='ocrx_word' id='word_1_260' title='bbox 328 3434 416 3513; x_wconf 78' lang='lat' dir='ltr'><strong>daut.</strong></span> <span class='ocrx_word' id='word_1_261' title='bbox 439 3433 543 3501; x_wconf 90' lang='lat' dir='ltr'><strong>omnia</strong></span> <span class='ocrx_word' id='word_1_262' title='bbox 564 3433 625 3500; x_wconf 91' lang='lat' dir='ltr'><strong>rite</strong></span> <span class='ocrx_word' id='word_1_263' title='bbox 646 3453 679 3499; x_wconf 89' lang='lat' dir='ltr'><strong>se</strong></span> <span class='ocrx_word' id='word_1_264' title='bbox 702 3434 827 3513; x_wconf 81' lang='lat' dir='ltr'><strong>habere,</strong></span> <span class='ocrx_word' id='word_1_265' title='bbox 850 3433 897 3499; x_wconf 85' lang='lat' dir='ltr'><strong>vel</strong></span> <span class='ocrx_word' id='word_1_266' title='bbox 917 3435 954 3499; x_wconf 95' lang='lat' dir='ltr'><strong>ut</strong></span> <span class='ocrx_word' id='word_1_267' title='bbox 973 3450 1022 3499; x_wconf 89' lang='lat' dir='ltr'><strong>res</strong></span> <span class='ocrx_word' id='word_1_268' title='bbox 1038 3434 1207 3518; x_wconf 90' lang='lat' dir='ltr'><strong>opportune</strong></span> <span class='ocrx_word' id='word_1_269' title='bbox 1224 3433 1403 3499; x_wconf 87' lang='lat' dir='ltr'><strong>instituant.</strong></span> 
     </span>
    </p>

    <p class='ocr_par' dir='ltr' id='par_1_7' title="bbox 262 3536 1403 3623">
     <span class='ocr_line' id='line_1_32' title="bbox 262 3536 1403 3623; baseline -0.006 -16"><span class='ocrx_word' id='word_1_270' title='bbox 262 3537 320 3609; x_wconf 79' lang='lat'><strong>49.</strong></span> <span class='ocrx_word' id='word_1_271' title='bbox 351 3538 495 3606; x_wconf 85' lang='lat' dir='ltr'><strong>Oratoria</strong></span> <span class='ocrx_word' id='word_1_272' title='bbox 525 3538 647 3622; x_wconf 83' lang='lat' dir='ltr'><strong>priuata</strong></span> <span class='ocrx_word' id='word_1_273' title='bbox 676 3557 730 3604; x_wconf 90' lang='lat' dir='ltr'><strong>seu</strong></span> <span class='ocrx_word' id='word_1_274' title='bbox 760 3537 929 3604; x_wconf 87' lang='lat' dir='ltr'><strong>domestica</strong></span> <span class='ocrx_word' id='word_1_275' title='bbox 959 3536 1078 3623; x_wconf 86' lang='lat' dir='ltr'><strong>erigere</strong></span> <span class='ocrx_word' id='word_1_276' title='bbox 1106 3555 1165 3602; x_wconf 91' lang='lat' dir='ltr'><strong>nou</strong></span> <span class='ocrx_word' id='word_1_277' title='bbox 1188 3536 1263 3603; x_wconf 90' lang='lat' dir='ltr'><strong>licat</strong></span> <span class='ocrx_word' id='word_1_278' title='bbox 1285 3537 1344 3603; x_wconf 92' lang='lat' dir='ltr'><strong>nisi</strong></span> <span class='ocrx_word' id='word_1_279' title='bbox 1368 3555 1403 3602; x_wconf 83' lang='lat' dir='ltr'><strong>er</strong></span> 
     </span>
    </p>
   </div>
   <div class='ocr_carea' id='block_1_3' title="bbox 158 3639 1403 4039">
    <p class='ocr_par' dir='ltr' id='par_1_8' title="bbox 158 3639 1403 4039">
     <span class='ocr_line' id='line_1_33' title="bbox 158 3639 1402 3729; baseline -0.002 -21"><span class='ocrx_word' id='word_1_280' title='bbox 158 3642 286 3709; x_wconf 88' lang='lat' dir='ltr'><strong>indultu</strong></span> <span class='ocrx_word' id='word_1_281' title='bbox 315 3644 492 3729; x_wconf 82' lang='lat' dir='ltr'><strong>Apostolico</strong></span> <span class='ocrx_word' id='word_1_282' title='bbox 521 3647 554 3711; x_wconf 94' lang='lat' dir='ltr'><strong>et</strong></span> <span class='ocrx_word' id='word_1_283' title='bbox 580 3643 704 3728; x_wconf 82' lang='lat' dir='ltr'><strong>praevia</strong></span> <span class='ocrx_word' id='word_1_284' title='bbox 726 3643 842 3709; x_wconf 89' lang='lat' dir='ltr'><strong>Nostra</strong></span> <span class='ocrx_word' id='word_1_285' title='bbox 863 3642 1093 3727; x_wconf 83' lang='lat' dir='ltr'><strong>approbatione.</strong></span> <span class='ocrx_word' id='word_1_286' title='bbox 1138 3640 1326 3720; x_wconf 81' lang='lat' dir='ltr'><strong>Indulterii‚</strong></span> <span class='ocrx_word' id='word_1_287' title='bbox 1349 3639 1402 3726; x_wconf 88' lang='lat' dir='ltr'><strong>qui</strong></span> 
     </span>
     <span class='ocr_line' id='line_1_34' title="bbox 159 3745 1401 3832; baseline -0.002 -19"><span class='ocrx_word' id='word_1_288' title='bbox 159 3747 217 3813; x_wconf 90' lang='lat' dir='ltr'><strong>teli</strong></span> <span class='ocrx_word' id='word_1_289' title='bbox 240 3747 402 3832; x_wconf 85' lang='lat' dir='ltr'><strong>privilegio</strong></span> <span class='ocrx_word' id='word_1_290' title='bbox 424 3751 569 3827; x_wconf 80' lang='lat' dir='ltr'><strong>utuntur,</strong></span> <span class='ocrx_word' id='word_1_291' title='bbox 602 3747 712 3815; x_wconf 89' lang='lat' dir='ltr'><strong>stricta</strong></span> <span class='ocrx_word' id='word_1_292' title='bbox 745 3749 830 3813; x_wconf 68' lang='lat' dir='ltr'><strong>amnt</strong></span> <span class='ocrx_word' id='word_1_293' title='bbox 863 3747 1005 3814; x_wconf 89' lang='lat' dir='ltr'><strong>terminis</strong></span> <span class='ocrx_word' id='word_1_294' title='bbox 1035 3746 1155 3814; x_wconf 88' lang='lat' dir='ltr'><strong>obtenti</strong></span> <span class='ocrx_word' id='word_1_295' title='bbox 1184 3746 1325 3830; x_wconf 89' lang='lat' dir='ltr'><strong>rescripti</strong></span> <span class='ocrx_word' id='word_1_296' title='bbox 1355 3745 1401 3812; x_wconf 83' lang='lat' dir='ltr'><strong>vel</strong></span> 
     </span>
     <span class='ocr_line' id='line_1_35' title="bbox 160 3849 1403 3937; baseline -0.002 -20"><span class='ocrx_word' id='word_1_297' title='bbox 160 3852 279 3917; x_wconf 82' lang='lat' dir='ltr'><strong>Brevis.</strong></span> <span class='ocrx_word' id='word_1_298' title='bbox 323 3850 522 3919; x_wconf 82' lang='lat' dir='ltr'><strong>Sacramenta</strong></span> <span class='ocrx_word' id='word_1_299' title='bbox 552 3852 760 3937; x_wconf 90' lang='lat' dir='ltr'><strong>poenitentiae</strong></span> <span class='ocrx_word' id='word_1_300' title='bbox 795 3854 827 3918; x_wconf 89' lang='lat' dir='ltr'><strong>et</strong></span> <span class='ocrx_word' id='word_1_301' title='bbox 858 3851 1073 3919; x_wconf 74' lang='lat' dir='ltr'><strong>Eucharistiae</strong></span> <span class='ocrx_word' id='word_1_302' title='bbox 1101 3851 1133 3917; x_wconf 94' lang='lat' dir='ltr'><strong>in</strong></span> <span class='ocrx_word' id='word_1_303' title='bbox 1163 3850 1228 3917; x_wconf 90' lang='lat' dir='ltr'><strong>illis</strong></span> <span class='ocrx_word' id='word_1_304' title='bbox 1260 3849 1403 3916; x_wconf 88' lang='lat' dir='ltr'><strong>oratoriis</strong></span> 
     </span>
     <span class='ocr_line' id='line_1_36' title="bbox 159 3954 1291 4039; baseline 0 -18"><span class='ocrx_word' id='word_1_305' title='bbox 159 3956 226 4021; x_wconf 89' lang='lat' dir='ltr'><strong>sine</strong></span> <span class='ocrx_word' id='word_1_306' title='bbox 247 3955 375 4039; x_wconf 87' lang='lat' dir='ltr'><strong>speciali</strong></span> <span class='ocrx_word' id='word_1_307' title='bbox 396 3956 511 4022; x_wconf 83' lang='lat' dir='ltr'><strong>Nostra</strong></span> <span class='ocrx_word' id='word_1_308' title='bbox 532 3955 660 4023; x_wconf 91' lang='lat' dir='ltr'><strong>licentia</strong></span> <span class='ocrx_word' id='word_1_309' title='bbox 682 3956 854 4022; x_wconf 85' lang='lat' dir='ltr'><strong>ministrari</strong></span> <span class='ocrx_word' id='word_1_310' title='bbox 879 3974 936 4020; x_wconf 91' lang='lat' dir='ltr'><strong>non</strong></span> <span class='ocrx_word' id='word_1_311' title='bbox 961 3956 1088 4039; x_wconf 88' lang='lat' dir='ltr'><strong>possunt</strong></span> <span class='ocrx_word' id='word_1_312' title='bbox 1109 3954 1205 4037; x_wconf 81' lang='lat' dir='ltr'><strong>(Meta</strong></span> <span class='ocrx_word' id='word_1_313' title='bbox 1227 3954 1291 4038; x_wconf 83' lang='grc'><strong>77).</strong></span> 
     </span>
    </p>
   </div>
   <div class='ocr_carea' id='block_1_4' title="bbox 383 4128 1182 4211">
    <p class='ocr_par' dir='ltr' id='par_1_9' title="bbox 383 4128 1182 4211">
     <span class='ocr_line' id='line_1_37' title="bbox 383 4128 1182 4211; baseline -0.001 -14"><span class='ocrx_word' id='word_1_314' title='bbox 383 4128 460 4211; x_wconf 76' lang='lat' dir='ltr'><strong>cop.</strong></span> <span class='ocrx_word' id='word_1_315' title='bbox 482 4128 506 4195; x_wconf 92' lang='lat'><em>1</em></span> <span class='ocrx_word' id='word_1_316' title='bbox 509 4129 544 4197; x_wconf 83' lang='lat' dir='ltr'><strong>V.</strong></span> <span class='ocrx_word' id='word_1_317' title='bbox 577 4130 629 4197; x_wconf 86' lang='lat' dir='ltr'><strong>De</strong></span> <span class='ocrx_word' id='word_1_318' title='bbox 650 4132 785 4196; x_wconf 61' lang='lat' dir='ltr'><strong>mauric</strong></span> <span class='ocrx_word' id='word_1_319' title='bbox 806 4128 924 4197; x_wconf 80' lang='lat' dir='ltr'><strong>SSmoc</strong></span> <span class='ocrx_word' id='word_1_320' title='bbox 946 4128 1182 4196; x_wconf 72' lang='lat' dir='ltr'><strong>Eucharistiae.</strong></span> 
     </span>
    </p>
   </div>
   <div class='ocr_carea' id='block_1_5' title="bbox 159 4264 1403 4561">
    <p class='ocr_par' dir='ltr' id='par_1_10' title="bbox 159 4264 1403 4561">
     <span class='ocr_line' id='line_1_38' title="bbox 263 4264 1403 4352; baseline -0.004 -15"><span class='ocrx_word' id='word_1_321' title='bbox 263 4266 318 4337; x_wconf 76' lang='lat'><strong>50.</strong></span> <span class='ocrx_word' id='word_1_322' title='bbox 342 4266 485 4334; x_wconf 81' lang='lat' dir='ltr'><strong>Christus</strong></span> <span class='ocrx_word' id='word_1_323' title='bbox 502 4266 651 4334; x_wconf 87' lang='lat' dir='ltr'><strong>Dominus</strong></span> <span class='ocrx_word' id='word_1_324' title='bbox 674 4267 705 4333; x_wconf 95' lang='lat' dir='ltr'><strong>in</strong></span> <span class='ocrx_word' id='word_1_325' title='bbox 726 4286 887 4352; x_wconf 87' lang='lat' dir='ltr'><strong>supremae</strong></span> <span class='ocrx_word' id='word_1_326' title='bbox 909 4267 996 4333; x_wconf 89' lang='lat' dir='ltr'><strong>nocte</strong></span> <span class='ocrx_word' id='word_1_327' title='bbox 1011 4283 1105 4332; x_wconf 86' lang='lat' dir='ltr'><strong>cenae</strong></span> <span class='ocrx_word' id='word_1_328' title='bbox 1124 4284 1233 4350; x_wconf 89' lang='lat' dir='ltr'><strong>panem</strong></span> <span class='ocrx_word' id='word_1_329' title='bbox 1249 4267 1281 4332; x_wconf 91' lang='lat' dir='ltr'><strong>et</strong></span> <span class='ocrx_word' id='word_1_330' title='bbox 1297 4264 1403 4332; x_wconf 82' lang='lat' dir='ltr'><strong>uinum</strong></span> 
     </span>
     <span class='ocr_line' id='line_1_39' title="bbox 159 4370 1403 4457; baseline 0 -20"><span class='ocrx_word' id='word_1_331' title='bbox 159 4372 191 4438; x_wconf 92' lang='lat' dir='ltr'><strong>in</strong></span> <span class='ocrx_word' id='word_1_332' title='bbox 214 4391 325 4456; x_wconf 87' lang='lat' dir='ltr'><strong>corpus</strong></span> <span class='ocrx_word' id='word_1_333' title='bbox 346 4390 436 4438; x_wconf 85' lang='lat' dir='ltr'><strong>annm</strong></span> <span class='ocrx_word' id='word_1_334' title='bbox 458 4374 492 4438; x_wconf 88' lang='lat' dir='ltr'><strong>et</strong></span> <span class='ocrx_word' id='word_1_335' title='bbox 513 4374 696 4457; x_wconf 85' lang='lat' dir='ltr'><strong>sanguinem</strong></span> <span class='ocrx_word' id='word_1_336' title='bbox 720 4372 856 4438; x_wconf 84' lang='lat' dir='ltr'><strong>mutavit</strong></span> <span class='ocrx_word' id='word_1_337' title='bbox 877 4374 910 4437; x_wconf 91' lang='lat' dir='ltr'><strong>et</strong></span> <span class='ocrx_word' id='word_1_338' title='bbox 931 4370 1097 4455; x_wconf 75' lang='lat' dir='ltr'><strong>Apostolia</strong></span> <span class='ocrx_word' id='word_1_339' title='bbox 1118 4371 1155 4437; x_wconf 94' lang='lat' dir='ltr'><strong>ut</strong></span> <span class='ocrx_word' id='word_1_340' title='bbox 1170 4370 1251 4435; x_wconf 89' lang='lat' dir='ltr'><strong>idern</strong></span> <span class='ocrx_word' id='word_1_341' title='bbox 1268 4370 1300 4434; x_wconf 92' lang='lat' dir='ltr'><strong>iu</strong></span> <span class='ocrx_word' id='word_1_342' title='bbox 1314 4388 1403 4437; x_wconf 88' lang='lat' dir='ltr'><strong>suam</strong></span> 
     </span>
     <span class='ocr_line' id='line_1_40' title="bbox 159 4474 1402 4561; baseline -0.004 -19"><span class='ocrx_word' id='word_1_343' title='bbox 159 4478 480 4543; x_wconf 87' lang='lat' dir='ltr'><strong>commemorationem</strong></span> <span class='ocrx_word' id='word_1_344' title='bbox 504 4477 650 4556; x_wconf 79' lang='lat' dir='ltr'><strong>iacerent,</strong></span> <span class='ocrx_word' id='word_1_345' title='bbox 672 4476 838 4561; x_wconf 86' lang='lat' dir='ltr'><strong>praecepit.</strong></span> <span class='ocrx_word' id='word_1_346' title='bbox 871 4474 918 4540; x_wconf 79' lang='lat' dir='ltr'><strong>Ad</strong></span> <span class='ocrx_word' id='word_1_347' title='bbox 934 4474 1144 4541; x_wconf 80' lang='lat' dir='ltr'><strong>renovandum</strong></span> <span class='ocrx_word' id='word_1_348' title='bbox 1162 4476 1243 4540; x_wconf 91' lang='lat' dir='ltr'><strong>hunc</strong></span> <span class='ocrx_word' id='word_1_349' title='bbox 1258 4476 1402 4539; x_wconf 89' lang='lat' dir='ltr'><strong>sanctum</strong></span> 
     </span>
    </p>
   </div>
   <div class='ocr_carea' id='block_1_6' title="bbox 159 4576 1405 4745">
    <p class='ocr_par' dir='ltr' id='par_1_11' title="bbox 159 4576 1405 4745">
     <span class='ocr_line' id='line_1_41' title="bbox 159 4576 1405 4663; baseline -0.005 -15"><span class='ocrx_word' id='word_1_350' title='bbox 159 4581 396 4648; x_wconf 87' lang='lat' dir='ltr'><strong>consecrationis</strong></span> <span class='ocrx_word' id='word_1_351' title='bbox 427 4584 533 4648; x_wconf 88' lang='lat' dir='ltr'><strong>actum</strong></span> <span class='ocrx_word' id='word_1_352' title='bbox 564 4582 632 4647; x_wconf 89' lang='lat' dir='ltr'><strong>sola</strong></span> <span class='ocrx_word' id='word_1_353' title='bbox 659 4580 837 4648; x_wconf 84' lang='lat' dir='ltr'><strong>adhibenda</strong></span> <span class='ocrx_word' id='word_1_354' title='bbox 861 4580 993 4647; x_wconf 88' lang='lat' dir='ltr'><strong>materia</strong></span> <span class='ocrx_word' id='word_1_355' title='bbox 1021 4582 1070 4646; x_wconf 92' lang='lat' dir='ltr'><strong>est</strong></span> <span class='ocrx_word' id='word_1_356' title='bbox 1097 4578 1185 4663; x_wconf 87' lang='lat' dir='ltr'><strong>panis</strong></span> <span class='ocrx_word' id='word_1_357' title='bbox 1208 4576 1348 4644; x_wconf 85' lang='lat' dir='ltr'><strong>triticeus</strong></span> <span class='ocrx_word' id='word_1_358' title='bbox 1373 4580 1405 4643; x_wconf 91' lang='lat' dir='ltr'><strong>et</strong></span> 
     </span>
     <span class='ocr_line' id='line_1_42' title="bbox 188 4680 1301 4745; baseline 0.004 -4"><span class='ocrx_word' id='word_1_359' title='bbox 188 4691 539 4743; x_wconf 61' lang='lat' dir='ltr'><strong>numerumnunerum</strong></span> <span class='ocrx_word' id='word_1_360' title='bbox 556 4693 672 4742; x_wconf 82' lang='lat' dir='ltr'><strong>urxun</strong></span> <span class='ocrx_word' id='word_1_361' title='bbox 1258 4680 1301 4745; x_wconf 82' lang='lat'><strong>28</strong></span> 
     </span>
    </p>
   </div>
   <div class='ocr_carea' id='block_1_7' title="bbox 0 0 1645 4917">
    <p class='ocr_par' dir='ltr' id='par_1_12' title="bbox 0 0 1645 4917">
     <span class='ocr_line' id='line_1_43' title="bbox 0 0 1645 4917; baseline 0 0"><span class='ocrx_word' id='word_1_362' title='bbox 0 0 1645 4917; x_wconf 95' lang='lat' dir='ltr'><strong> </strong></span> 
     </span>
    </p>
   </div>
  </div>
 </body>
</html>
