3275 4917
249 220 315 287 452
495 235 637 306 Sporadas
656 239 843 293 dioecesana
863 238 1100 308 Arpenrcnemcs
1119 253 1149 293 c.
1166 237 1253 293 1894.

249 411 406 491 coerceat3
430 410 556 492 insuper
579 428 617 473 ue
632 407 804 490 prohibeat,
822 409 897 492 quin
915 408 1047 474 vicarius
1061 408 1501 495 ecclesiasticispraescriptis
1620 296 1625 515 1

249 515 282 579 in
303 514 433 580 dioecesi
456 513 664 598 promulgatis
687 512 735 577 rel
759 531 815 577 usu
836 513 897 596 iam
923 512 1099 597 uigentibus
1120 513 1179 577 rite
1202 514 1394 591 satisfaciam
1424 532 1499 579 cum

248 619 355 685 eodem
378 617 630 684 Ecclesiasticum
656 621 712 697 (--
737 617 907 699 Dida-Bi.)
928 617 1114 701 regulariter
1134 618 1357 699 communicet,
1380 623 1418 683 nt
1441 619 1499 683 ille

247 723 286 789 de
306 723 392 789 noris
414 722 546 789 decretis
568 738 752 806 cognoscere
772 722 882 804 possit.

353 826 490 909 Denique
510 824 662 909 parochus
687 843 745 889 uon
769 844 788 889 a
811 824 906 909 priori
928 843 963 891 aa
986 826 1126 909 repellet,
1155 845 1232 909 qnae
1255 827 1385 893 fortasse
1408 828 1496 893 vica·

227 932 313 997 *rius
334 933 371 996 ut
390 930 581 1014 temporibus
605 929 718 995 uostris
740 932 960 1011 consentanea,
991 930 1182 996 instituenda
1214 933 1379 1013 proponet;
1410 933 1496 1014 quod
1624 1008 1625 1019 ἶ

247 1036 329 1101 euim
352 1034 416 1119 ipse
435 1035 524 1100 annis
550 1052 608 1099 uon
627 1034 749 1117 integer
771 1035 903 1119 aggredi
927 1053 984 1099 nau
1010 1036 1085 1113 vult,
1111 1035 1234 1113 vicario,
1259 1037 1284 1101 si
1306 1036 1404 1101 visum
1421 1037 1496 1112 erit,

248 1140 362 1224 putarit
385 1138 580 1217 demandare,
604 1137 657 1221 qui
680 1137 835 1221 dirigente
859 1139 990 1221 parocho
1012 1138 1134 1223 incepto
1157 1140 1265 1205 sedulo
1288 1140 1457 1205 incumbet.

351 1241 427 1312 166.
449 1242 486 1308 Iu
508 1243 547 1308 iis
570 1241 787 1309 ecclesiasticis
812 1244 934 1323 muniis,
959 1262 1037 1327 quac
1061 1244 1167 1309 ricerii
1186 1248 1249 1308 lam
1266 1246 1388 1329 propria
1406 1248 1494 1324 suut,
1624 1260 1625 1265 ’

247 1350 283 1413 ιιι
304 1347 388 1414 solus
411 1347 450 1414 da
472 1347 535 1413 illis
562 1348 604 1432 (r.
629 1366 659 1431 g.
683 1347 721 1412 de
743 1347 859 1412 auditis
879 1348 1134 1432 confessionibus)
1158 1348 1308 1414 rationem
1333 1348 1398 1413 Deo
1422 1349 1495 1413 red·
1624 1374 1625 1383 ι

248 1452 320 1518 dare
351 1452 477 1528 debeat,
510 1469 603 1534 penes
637 1451 804 1534 parochum
840 1471 898 1516 non
932 1454 979 1517 est
1012 1452 1063 1536 jus
1093 1454 1243 1517 vicarium
1274 1456 1424 1536 tanquam
1455 1472 1494 1518 ex

247 1556 433 1622 auctoritate
455 1556 486 1620 in
510 1574 599 1620 suam
622 1556 808 1621 sententiam
832 1556 1014 1625 abducendi.
1061 1557 1130 1622 Non
1158 1561 1299 1622 vetamus
1322 1558 1493 1642 parochum
1519 1626 1522 1633 ,

246 1660 285 1726 de
306 1662 499 1727 sacramento
525 1659 732 1743 paenitentiae
763 1661 794 1725 in
825 1678 882 1725 sua
912 1660 1056 1744 parochia
1086 1661 1330 1727 administrando
1361 1662 1493 1728 consilia
1624 1692 1625 1697 ¹

246 1766 469 1850 praeceptaque
500 1763 623 1829 tradere
656 1782 734 1849 qnae
769 1765 902 1831 vicarius
937 1765 1121 1851 diligentius
1155 1766 1349 1851 consideret;
1381 1766 1493 1832 sedulo

245 1874 350 1936 tamen
379 1869 516 1947 cavebit,
549 1886 587 1933 ne
616 1868 697 1933 huuc
727 1867 860 1935 invitum
892 1869 930 1935 ad
965 1870 1152 1935 sentemiam
1186 1890 1273 1935 suam
1303 1870 1490 1955 sequendam

245 1973 332 2057 quasi
355 1974 486 2058 alligare
509 1973 601 2054 relit3
633 1990 708 2038 neve
738 1972 827 2038 illurn
859 1991 985 2039 munere
1017 1974 1193 2040 confessarii
1225 1975 1405 2061 fungentem
1435 1994 1492 2041 cu·

244 2078 356 2143 riccius
378 2077 532 2162 exploret;
555 2076 686 2161 denique
709 2077 815 2143 fideles
836 2078 875 2143 ad
898 2098 986 2144 snam
1001 2078 1098 2163 ipsius
1114 2079 1366 2146 confessionalem
1382 2080 1489 2147 sedem

244 2182 309 2248 ullo
331 2181 421 2247 modo
443 2200 554 2266 cogere
577 2182 729 2264 parochus
751 2201 790 2247 ue
813 2182 937 2250 audeat.

348 2282 426 2354 164.
457 2284 595 2352 Servulis
625 2285 663 2350 iis
694 2286 856 2364 omuibus,
885 2306 964 2369 quae
994 2288 1045 2353 tit.
1083 2287 1149 2353 >De
1179 2288 1269 2355 doma
1296 2288 1486 2372 parochiali«

245 2389 492 2475 praecipiuntur,
521 2388 588 2455 siue
608 2388 672 2456 ullo
694 2391 789 2455 animi
815 2390 949 2473 periculo
971 2391 1003 2455 in
1022 2391 1080 2457 hac
1103 2392 1193 2458 domo
1215 2394 1313 2477 (Meta
1337 2394 1400 2459 266
1424 2393 1488 2459 und

247 2495 346 2561 llll.
371 2493 503 2580 11623)
536 2492 630 2577 deget
661 2493 802 2562 vicarius.
859 2498 991 2579 Operam
1025 2472 1130 2563 autem
1158 2496 1212 2563 det
1244 2501 1403 2581 praeterea
1432 2516 1488 2581 pa·

244 2600 375 2679 rochus,
403 2602 441 2665 ut
467 2597 617 2664 ricarium
640 2599 833 2664 conuenienti
857 2618 930 2665 cura
953 2600 1068 2680 foveat,
1099 2600 1200 2666 fronte
1229 2620 1337 2667 serena
1367 2621 1488 2685 semper
1624 2602 1625 2609 ’

243 2703 387 2787 excipiat,
409 2720 461 2771 erc
482 2702 615 2787 benigno
629 2703 815 2786 alloquatur,
840 2704 877 2769 ιιι
889 2704 992 2787 junior
1008 2704 1150 2771 sacerdos
1165 2705 1198 2770 iu
1214 2705 1303 2771 domo
1318 2704 1487 2789 parochiali

242 2808 332 2893 quasi
355 2808 387 2873 in
408 2807 498 2875 domo
521 2809 651 2892 paterna
672 2826 704 2873 se
728 2806 870 2873 habitare
893 2807 1035 2875 laetetur.

346 2910 421 2982 lod.
450 2910 485 2977 Si
507 2911 611 2995 plures
633 2911 732 2977 eidem
755 2912 888 2995 parocho
904 2913 968 2979 siut
985 2913 1103 2991 vicarii,
1127 2914 1192 2978 sine
1207 2914 1272 2980 ulla
1287 2933 1485 2999 personarum

242 3016 420 3102 acceptione
441 3015 561 3083 labores
582 3017 616 3081 ιι
639 3016 769 3081 honores
789 3017 835 3082 eis
850 3016 980 3095 dividat,
1002 3036 1151 3083 annornm
1169 3020 1294 3084 tantum
1307 3019 1486 3085 discrimine

241 3123 374 3201 servato,
395 3139 471 3204 qnos
493 3121 623 3204 quisque
645 3120 675 3184 in
701 3122 873 3187 ministerio
897 3140 983 3187 sacro
1007 3123 1170 3207 transegit.
1216 3123 1388 3189 Perfectum
1404 3124 1485 3189 inter

241 3227 451 3310 cooperatores
473 3223 665 3290 concordiam
689 3225 844 3291 custodire
866 3225 1009 3305 studeat,
1038 3229 1075 3292 nt
1105 3227 1142 3291 de
1174 3226 1264 3293 demo
1295 3246 1351 3294 sua
1378 3248 1485 3294 verum

240 3330 307 3410 hat,
329 3329 409 3415 quod
432 3328 545 3397 cecinit
565 3327 744 3414 psalmista:
770 3328 939 3411 »Quoniam
961 3330 1026 3397 illic
1049 3330 1208 3398 mandavit
1227 3332 1374 3398 Dominus
1391 3333 1481 3399 beruc-

241 3434 410 3501 dictiouem
432 3434 465 3501 et
486 3434 584 3500 sitam
607 3452 703 3517 usque
725 3435 758 3499 iu
779 3434 970 3501 saeculum«
996 3437 1059 3518 (Pe.
1086 3436 1157 3514 132,
1179 3436 1222 3517 3.)

296 3608 373 3691 dap.
399 3608 474 3675 VH.
507 3608 559 3675 De
580 3607 787 3675 relationibus
810 3608 887 3674 cleri
902 3608 1104 3691 parochialis
1126 3630 1195 3676 cam
1214 3609 1432 3691 parochianis.

345 3743 421 3815 166.
445 3744 494 3811 Sit
516 3744 616 3810 clerus
639 3744 825 3829 parochialis
846 3746 878 3811 in
900 3747 965 3811 suis
987 3767 1056 3812 cum
1073 3748 1267 3831 parochianis
1283 3749 1483 3815 relationibus

240 3850 358 3935 jugiter
381 3867 498 3915 memor
519 3849 705 3917 conditionis
727 3868 801 3917 suae
823 3852 855 3916 ιι
879 3851 936 3918 hoc
960 3854 1086 3918 Petrum
1110 3851 1361 3919 Tridentinorum
1385 3854 1483 3920 moui-

241 3958 309 4021 tum
331 3972 451 4038 semper
473 3972 547 4039 pras
569 3952 667 4021 oculis
690 3955 822 4024 habeat:
856 3955 927 4022 »Sic
956 3956 1044 4024 decet
1075 3957 1198 4022 omnino
1229 3958 1356 4025 clericos
1387 3960 1483 4024 sitam

241 4077 400 4143 moresque
418 4078 491 4125 suos
510 4077 616 4126 omues
640 4078 830 4143 componere,
853 4062 889 4126 nt
910 4059 1029 4139 hahita,
1054 4063 1154 4145 gestu,
1185 4062 1317 4141 incessu,
1344 4082 1483 4130 sermone

241 4162 372 4247 aliisque
401 4163 543 4229 omnibus
573 4164 665 4229 rebus
694 4162 771 4229 nihil
802 4164 861 4231 nisi
890 4183 1003 4249 grave,
1041 4166 1231 4233 moderatum
1266 4185 1302 4232 ac
1333 4166 1483 4252 religione

239 4268 364 4353 plenum
387 4284 460 4350 prae
478 4286 512 4333 sa
532 4268 661 4335 ierant«
687 4267 787 4354 (Trid.
811 4268 893 4335 Sese.
916 4268 1020 4349 XXII,
1045 4289 1070 4334 c.
1091 4270 1117 4349 I,
1140 4271 1178 4337 de
1201 4270 1268 4353 ref.)

342 4368 416 4441 ldl.
451 4370 625 4455 Diligenter
647 4373 819 4439 abstineat:
855 4372 886 4458 a)
912 4373 960 4438 Ab
991 4376 1074 4442 omni
1106 4375 1227 4459 vulgari
1257 4376 1401 4458 loquendi
1433 4378 1482 4442 rel

238 4474 352 4561 agendi
374 4475 512 4552 ratione,
539 4494 617 4559 quae
647 4476 834 4561 dignitatem
868 4477 1090 4545 sacerdotalem
1121 4480 1222 4544 minus
1253 4480 1359 4556 docet;
1385 4479 1418 4565 b)
1441 4482 1481 4545 ab

238 4580 322 4648 omni
345 4578 451 4645 inutili
473 4578 523 4646 val
545 4578 668 4664 longius
690 4581 848 4664 protracta
872 4582 1067 4661 visitatione,
1100 4582 1279 4667 praesertim
1311 4584 1336 4647 si
1364 4586 1483 4667 agatur
