3275 4917
199 290 400 346 demorentur
411 304 450 342 su
463 285 494 341 P.
509 286 530 341 1.
543 287 595 342 dee
612 286 698 341 Decr.
713 288 770 341 mi!
783 288 839 341 der
854 284 941 342 Vorr.
956 286 1152 358 Antiquitatc
1165 290 1194 342 ci
1206 291 1295 354 temp.
1359 264 1397 330 61

153 463 271 529 iniuria
290 460 483 542 alteriusliii
505 458 560 539 sos
581 464 642 538 est,
674 458 706 523 id
730 460 778 523 est
801 458 939 524 diuinum
962 459 1027 524 sive
1049 458 1190 523 naturale
1213 457 1262 523 ius
1284 458 1349 534 est,
1369 455 1401 520 id

154 571 204 634 est
225 566 329 632 divino
352 564 418 629 iure
442 562 531 641 licei,
562 563 635 645 quia
656 562 760 627 divino
784 563 849 628 iure
871 564 975 628 omnia
998 565 1072 629 suut
1099 562 1291 638 eommunia,
1318 561 1400 625 nulia

154 671 294 755 propria:
321 667 446 742 Domini
469 668 552 731 euim
575 669 623 731 est
644 669 730 731 terra
752 670 783 732 ei
806 668 965 751 plenitudo
989 669 1055 733 cius
1066 670 1130 753 158).
1173 668 1239 734 Jus
1259 688 1325 733 noo
1346 673 1400 742 est,

154 776 259 841 idest
283 775 416 838 humano
440 772 507 836 iure
531 772 702 849 nonlicet,
735 772 795 836 nisi
819 773 952 838 servitus
975 773 1129 837 habeatur
1147 772 1181 836 iu
1203 791 1297 856 agro;
1328 790 1399 855 pro·

155 879 275 944 hibebit
298 877 379 942 enim
405 894 558 959 possessor
574 877 642 959 agri
661 876 797 941 humano
812 877 879 941 iure
892 877 946 961 159)
968 876 1038 941 aliis
1059 877 1251 942 venationem
1272 877 1304 939 in
1328 895 1403 957 agro

155 1002 211 1049 suo
234 986 266 1047 et
287 981 465 1047 transitum.
510 978 569 1045 Sed
594 981 619 1043 si
643 980 838 1063 prohibebit,
859 1000 914 1046 uec
934 981 1038 1045 diuino
1057 982 1122 1046 iure
1145 982 1248 1064 potest
1269 980 1403 1045 transire

156 1087 349 1171 prohibitus,
380 1085 454 1169 quia
484 1103 544 1149 nou
567 1085 634 1149 sine
653 1084 767 1150 iniuria
786 1085 924 1163 ulterius,
947 1086 1115 1151 secundum
1136 1086 1217 1169 quod
1238 1104 1331 1168 supra
1352 1104 1401 1148 er-

156 1192 291 1276 positum
313 1192 370 1256 est.
414 1190 487 1254 Ideo
510 1188 649 1258 dicetur:
680 1188 767 1270 Quod
799 1190 892 1255 alicui
923 1190 1057 1255 transire
1088 1190 1179 1268 iicet,
1213 1190 1309 1255 etiam
1337 1190 1403 1253 siue

155 1298 290 1379 dampno
313 1297 345 1361 et
366 1294 479 1358 iniuria
501 1289 648 1371 alterius,
678 1294 735 1359 boc
759 1295 807 1359 est
827 1294 865 1359 de
889 1293 955 1358 iure
978 1294 1095 1372 divino,
1127 1294 1180 1357 sed
1212 1314 1272 1359 uon
1295 1296 1343 1359 est
1366 1293 1403 1358 de

156 1400 224 1465 iure
248 1401 397 1477 humano,
427 1397 500 1464 iicet
530 1416 587 1463 uon
620 1396 662 1462 sit
682 1398 789 1463 eontra
810 1398 860 1464 ius
883 1398 1063 1464 humanum.
1108 1397 1205 1479 Quia,
1231 1399 1259 1463 si
1280 1401 1403 1463 transeo

157 1524 268 1589 agrum
291 1503 422 1569 alicuius
444 1502 510 1567 sine
530 1502 662 1587 dampno
685 1504 718 1568 et
737 1502 853 1569 iniuria
873 1503 987 1586 ipsius,
1020 1523 1081 1569 nou
1118 1503 1211 1574 babet
1235 1502 1314 1568 forte
1337 1503 1403 1568 iure

157 1610 293 1673 humano
313 1608 464 1673 actionem
481 1607 663 1685 contremo,
688 1608 721 1673 et
742 1609 849 1673 tamen
872 1625 933 1672 non
956 1610 1004 1673 est
1025 1608 1063 1672 de
1081 1607 1149 1673 iure
1170 1608 1303 1673 humano
1322 1608 1401 1691 quod

158 1714 232 1778 iicet
247 1712 343 1777 michi
359 1712 500 1778 transire.
524 1712 582 1776 His
597 1711 643 1777 ita
657 1712 809 1795 expeditis
824 1712 888 1777 aiia
899 1712 1091 1795 suppullulat
1102 1712 1230 1795 questio.
1254 1712 1403 1794 Queritur

156 1818 250 1896 euim,
273 1835 312 1879 au
336 1816 393 1881 hoc
415 1817 633 1899 argumentum
657 1815 885 1881 concedendum
901 1816 959 1883 sit:
982 1815 1087 1881 diuino
1103 1817 1168 1881 sive
1184 1817 1319 1881 naturali
1336 1817 1402 1880 iure

156 1925 205 1987 est
228 1921 284 1986 hoc
308 1920 439 1998 licitum,
463 1939 537 2004 ergo
558 1922 605 1987 est
629 1921 752 1985 licitum
776 1919 970 2003 simpliciter.
1007 1920 1054 1984 Ad
1079 1921 1134 1986 boc
1157 1920 1298 1999 dicimus,
1322 1926 1401 2004 quod

157 2026 286 2109 iuri¹⁶⁰i
316 2026 452 2089 naturali
483 2026 512 2088 in
542 2024 647 2108 aliqua
670 2027 758 2107 parte
781 2024 963 2108 derogatum
987 2030 1034 2089 est
1058 2044 1111 2108 per
1133 2025 1402 2090 connsuetudinem:

156 2130 230 2214 quia
253 2129 388 2193 naturali
411 2129 476 2193 iure
500 2147 604 2195 omnes
627 2129 701 2193 sunt
725 2128 832 2208 liberi,
856 2129 960 2194 nullus
983 2132 1031 2193 est
1053 2149 1177 2209 seruus,
1208 2131 1281 2213 quia
1304 2129 1403 2195 edidit

157 2252 263 2299 ornnes
283 2234 386 2299 nobile
413 2252 556 2315 germem
591 2234 623 2298 et
645 2232 722 2298 item
745 2232 850 2298 omnia
871 2234 945 2298 sunt
967 2234 1144 2299 eommunia
1166 2233 1232 2299 iuro
1256 2234 1402 2311 naturali,

159 2337 246 2403 nulla
268 2338 398 2422 propria.
448 2338 575 2421 Utrique
604 2340 734 2403 istorum
764 2337 949 2423 derogatum
977 2342 1025 2402 est
1056 2358 1109 2421 per
1139 2339 1401 2404 consuetudinem.

157 2442 228 2507 Non
249 2461 338 2525 ergo:
362 2444 388 2506 si
412 2441 517 2507 divino
539 2442 606 2507 iure
629 2443 711 2522 iicet,
733 2443 766 2507 et
787 2442 972 2527 simpliciter
995 2444 1076 2508 licet.
1107 2442 1158 2508 Sic
1173 2444 1315 2527 expedita
1330 2444 1403 2508 sunt

156 2566 217 2631 que
240 2546 280 2611 ad
302 2548 469 2613 transitum
495 2546 586 2611 huius
610 2548 676 2629 agri
701 2549 791 2612 erant
813 2548 1004 2623 necessarior
1028 2548 1103 2612 alibi
1123 2549 1229 2613 tanum
1244 2548 1284 2612 ed
1300 2548 1356 2613 hec
1371 2550 1403 2613 et

158 2651 473 2734 contrementem,
504 2652 557 2717 sed
589 2652 666 2716 forte
698 2652 799 2715 minus
828 2654 1026 2735 pertinenter,
1058 2652 1153 2715 etium
1183 2652 1299 2734 scripto
1320 2672 1403 2715 roru-

159 2754 370 2841 misimus101)
394 2802 401 2817 .
426 2806 434 2822 .
459 2807 498 2823 ..

265 2983 457 3051 homeliarius
477 2982 552 3053 [Vct.
572 2986 600 3038 et
618 2980 723 3052 Goett.]

265 3070 325 3139 158)
344 3069 445 3125 Psalm.
463 3070 571 3135 XXIII,
591 3069 606 3123 1

266 3158 325 3226 159)
345 3158 416 3226 Meg.
435 3157 514 3212 edd:
533 3173 561 3212 re
579 3155 667 3211 adhuc
684 3156 793 3225 integra

264 3244 325 3309 loo)
343 3243 453 3299 Goett.:
476 3244 567 3298 divino
587 3243 706 3298 naturali

264 3331 324 3399 161)
342 3331 391 3385 Die
410 3330 514 3385 Worte:
535 3330 601 3385 alibi
619 3334 712 3385 tamen
731 3346 756 3383 u.
771 3346 791 3384 s.
806 3346 836 3383 u.
858 3329 934 3384 iirhrt
953 3328 1065 3383 Schulte
1083 3329 1272 3399 (Rufio-Ausg.
1285 3330 1343 3399 bx>
1361 3331 1402 3385 ais

157 3417 238 3471 einen
257 3416 342 3486 Releg
359 3416 402 3471 ibt
419 3418 493 3471 aeine
513 3416 694 3487 Bebauptung
712 3434 760 3481 an,
791 3416 853 3470 dass
879 3416 926 3470 der
949 3416 1036 3469 Autor
1059 3432 1172 3483 ¹unuerer
1200 3416 1311 3471 Summa
1339 3417 1402 3470 Phi·

156 3504 281 3575 loscphie
308 3503 418 3574 gelehrt
442 3504 496 3559 und
515 3504 733 3572 philosophiscire
751 3502 888 3557 Schriften
905 3503 1022 3558 reuiuest
1040 3502 1118 3557 bube.
1152 3502 1202 3556 Die
1220 3502 1403 3572 uehauptung

156 3591 209 3646 suli
228 3591 286 3645 sich
305 3590 376 3645 wohl
393 3590 492 3646 durani
508 3594 625 3655 sibinen,
644 3590 705 3643 dass
724 3589 771 3643 der
789 3590 875 3643 hutor
894 3590 920 3641 in
940 3588 987 3643 der
1005 3589 1117 3653 Sciunt,
1133 3588 1183 3644 aui
1194 3588 1292 3643 welche
1305 3605 1333 3643 er
1346 3590 1404 3643 hier

159 3678 252 3747 beaug
268 3678 381 3742 uimmt,
401 3678 474 3745 ssnacb
494 3678 595 3733 seinem
615 3676 741 3730 Berichte
760 3675 808 3729 das
829 3676 985 3730 Verbiiltuia
1003 3676 1051 3729 des
1070 3676 1264 3730 Natumechtes
1281 3693 1339 3730 zum
1358 3694 1404 3747 po-

157 3764 258 3819 sitiren
278 3765 380 3819 Rechts
399 3767 513 3819 erbrtert
535 3764 620 3818 hatte.
660 3762 744 3817 Wenu
771 3761 883 3817 Schulte
909 3765 978 3817 etna
1001 3763 1056 3817 uile
1081 3762 1144 3831 jene
1170 3762 1325 3833 'I'heoiogun
1348 3764 1403 3818 und

159 3850 330 3905 Decretisten
347 3848 393 3904 des
411 3851 602 3913 mittelalters,
627 3850 726 3903 uciche
744 3848 786 3903 die
808 3848 933 3903 Eristenz
954 3849 1009 3904 und
1032 3848 1193 3919 Bedeatuug
1213 3850 1286 3905 eines
1305 3851 1404 3905 Natur-

158 3937 250 3991 recbts
268 3936 415 3991 bchandeit
432 3935 528 4001 haben,
548 3938 589 3991 als
610 3935 826 4003 »Philosophen«
846 3936 1004 3990 bezeichnen
1019 3936 1076 3989 will
1094 3964 1125 3973 -
1144 3934 1216 3989 daun
1234 3936 1345 3991 eutiiiht
1362 3937 1404 3991 sur

159 4024 231 4077 mich
249 4022 368 4078 offenbar
383 4022 458 4090 jeder
475 4022 573 4077 duleus
592 4039 624 4077 zu
643 4022 715 4077 eiuer
731 4020 865 4076 Polemih!

266 4110 323 4165 Wie
340 4110 383 4165 die
402 4110 608 4166 Rechtstheorie
627 4110 764 4165 Gratian's
784 4110 944 4180 uberhaupt,
962 4126 991 4163 so
1008 4109 1113 4165 werden
1129 4110 1157 4164 in
1171 4126 1282 4164 uuserer
1295 4110 1404 4164 Summe

158 4197 347 4253 insbesoudere
366 4200 434 4253 auch
454 4198 498 4253 die
519 4198 641 4268 brugen,
665 4197 765 4251 welche
784 4196 842 4251 sich
861 4198 910 4252 auf
925 4196 972 4251 das
991 4197 1032 4251 ius
1051 4198 1176 4251 naturaie
1195 4197 1336 4261 beziehen‚
1355 4198 1405 4251 init

158 4283 318 4339 sichtlicher
337 4286 463 4340 Vorliebe
489 4286 560 4340 breit
587 4285 642 4340 und
668 4284 819 4355 eingcbend
847 4284 1019 4352 besprochen.
1058 4285 1138 4338 Diese
1156 4285 1339 4338 Deductionon
1358 4283 1404 4337 des

159 4372 312 4426 Veriaseers
330 4373 457 4443 benegeu
474 4372 531 4427 sich
545 4372 642 4440 judoch
661 4371 794 4426 durchuus
812 4371 849 4424 iru
868 4372 988 4426 itahnreu
1007 4372 1055 4425 der
1070 4371 1287 4441 Vorsbcliuugeu,
1306 4370 1404 4424 welche

157 4460 210 4514 deu
229 4458 383 4529 Theologen
401 4459 456 4514 und
481 4460 648 4513 Decretisten
676 4460 722 4513 des
748 4458 875 4513 audiiteu
892 4458 1094 4513 Jahrhunderts
1113 4458 1232 4527 geliufig
1258 4458 1328 4511 aiud.
1363 4457 1402 4507 bu

156 4546 202 4600 die
212 4546 552 4616 Anuiobtuusgcsprochen
564 4546 617 4601 und
627 4572 660 4585 -
669 4545 813 4601 bestritteu
829 4546 933 4600 worden
944 4547 989 4608 ist,
998 4545 1061 4600 dass
1074 4545 1155 4599 sehon
1169 4544 1213 4598 die
1223 4542 1404 4598 iranzbsiucbe

159 4632 258 4687 Schule
274 4632 399 4701 (walchen
414 4634 462 4689 der
475 4632 613 4688 Versaeser
627 4650 661 4687 m.
676 4632 704 4687 Ε.
717 4633 791 4688 scine
801 4631 959 4701 juriatiscbe
971 4631 1092 4701 Biiduug
1103 4648 1135 4685 au
1150 4628 1302 4683 rerdanheu
1314 4627 1402 4693 butte)
