3275 4917
224 184 265 249 74
323 202 447 272 stupor,
468 200 611 271 Beitrltpe
630 218 687 257 sur
705 202 900 275 Wbrdtpmsp
918 204 974 258 dcc·
998 202 1359 258 Decrcttstcnlitteratur.
1382 182 1387 192 ¹

128 442 130 447 ,
223 375 369 458 alimen
401 372 623 460 expediendum
653 373 856 459 [censuimus]
881 423 1464 442 ...................

326 479 381 546 Ao
403 478 438 546 0.
456 485 506 546 10.
529 476 572 545 D.
591 484 632 545 10
658 478 781 557 nvidus,
806 478 850 543 lili
875 478 1046 557 karissime,
1066 480 1140 561 quie
1159 478 1239 563 qnod
1255 481 1363 545 contra
1381 479 1466 565 legno

223 582 474 668 presumiturffl)
502 601 555 666 pon
577 582 662 665 leges
685 582 762 647 solvi
775 584 832 665 ¹¹⁸)
853 585 1007 648 merctur«
1037 581 1069 647 id
1098 585 1146 649 ost
1168 582 1296 649 dissolui
1318 585 1466 662 meretur,

222 688 243 755 i.
267 706 293 754 e.
323 687 403 771 quod
432 688 540 752 contre
568 685 667 769 legem
699 687 887 770 presumitur
913 706 949 751 ex
972 686 1080 752 euclem
1100 687 1169 771 loge
1192 707 1246 771 pro
1269 687 1383 753 intecto
1406 689 1464 753 bs·

225 792 356 858 bendum
381 793 438 857 est.
488 790 574 857 Unde
595 792 627 855 in
650 791 735 875 lege:
765 791 911 875 quicquid
940 792 978 856 nc
1007 790 1076 876 lege
1106 791 1173 857 fieri
1204 792 1402 876 probibente,
1434 797 1467 857 ct

223 896 369 982 quioquid
392 914 485 961 exeo
512 894 558 961 vel
582 896 620 961 ob
651 894 681 960 id
711 895 829 960 tectum
861 895 1018 962 dictumve
1050 895 1161 974 luerit,
1193 915 1252 962 non
1283 896 1382 962 solnm
1412 917 1467 981 pro

224 1000 340 1081 inutili,
363 1000 531 1066 sedetiam
556 1018 608 1083 pro
632 999 745 1065 inlecto
770 1000 944 1065 habendum
967 1002 1107 1085 est²¹⁸·).
1144 1001 1186 1065 Ut
1208 1000 1235 1066 sl
1251 1019 1319 1067 omo
1334 1020 1399 1067 rem
1414 1020 1465 1067 su-

223 1124 326 1184 crum,
349 1104 448 1169 sciens
467 1123 534 1169 earn
559 1122 625 1170 esse
648 1122 711 1168 rem
735 1110 872 1184 sconem,
901 1122 954 1188 pro
977 1104 1091 1170 intecto
1114 1104 1279 1170 habebitur
1301 1106 1333 1171 et
1355 1105 1467 1171 inutile

223 1208 319 1275 michi
342 1208 419 1287 erit,
450 1208 522 1292 quie
545 1207 673 1273 tolletur
696 1228 714 1273 e
737 1227 785 1273 nne
809 1227 856 1273 res
877 1212 908 1273 et
931 1226 991 1274 non
1013 1207 1161 1275 reddetur
1183 1208 1340 1294 precium
1370 1209 1466 1275 immo

222 1313 343 1405 punior,
367 1312 440 1398 quia
460 1312 559 1379 sciens
582 1313 719 1380 emerim.
758 1312 909 1396 Quicquid
933 1312 1028 1378 etiem
1051 1332 1087 1378 ex
1108 1331 1143 1378 eo
1164 1314 1211 1378 vel
1235 1314 1273 1379 ob
1294 1312 1326 1377 id
1349 1314 1466 1379 lactum

223 1418 381 1484 dictumve
404 1417 507 1495 tuerit,
532 1436 585 1500 pro
600 1416 713 1483 inlecto
729 1416 906 1483 habendum
923 1419 980 1494 est,
1005 1419 1040 1481 ut
1059 1415 1225 1495 euoluens,
1246 1418 1465 1496 iuramentum,

224 1522 386 1608 stipulatio
424 1521 472 1588 uel
509 1521 572 1586 alie
609 1539 787 1604 quecunque
825 1520 938 1586 centio.
998 1522 1084 1586 Licet
1119 1521 1198 1586 enim
1238 1521 1351 1605 aliquis
1385 1522 1467 1587 iurn-

226 1629 328 1693 mento
360 1626 588 1693 confirmaverit
618 1644 667 1692 me
698 1626 793 1691 nichil
832 1625 959 1709 dampni
992 1644 1171 1709 passurum,
1202 1626 1379 1709 exceptione
1412 1626 1469 1692 illo

228 1731 388 1816 »quonism
411 1733 517 1797 contra
540 1731 642 1813 legem
664 1728 781 1795 fectum
805 1733 871 1794 est«
907 1749 961 1813 pro
984 1730 1097 1796 inlecto
1122 1729 1295 1796 babendum
1318 1732 1367 1796 est
1389 1730 1467 1795 illud

224 1838 451 1913 iuramentum,
483 1854 538 1900 noo
570 1834 623 1901 ille
655 1832 749 1900 michi
778 1833 944 1901 tenebitur.
994 1833 1147 1901 Similiter
1169 1834 1316 1919 quioquid
1338 1836 1467 1919 promit·

224 1942 321 2019 titur,
351 1941 389 2007 ob
421 1940 451 2004 id
480 1939 559 2024 quod
583 1958 716 2006 sororem
740 1942 826 2005 tuem
850 1939 961 2017 duces,
990 1938 1135 2023 quonism
1158 1941 1267 2004 cointro
1288 1939 1389 2023 legem
1410 1942 1467 2018 est,

226 2064 280 2129 pro
302 2045 415 2111 intecto
439 2044 578 2109 hebetur.
628 2044 684 2110 Est
706 2046 810 2108 eutem
834 2043 996 2127 stipulatio
1015 2044 1177 2110 verborum
1203 2044 1377 2127 conceptio,
1407 2062 1469 2128 que

226 2150 295 2233 quis
318 2147 473 2232 promittit
503 2166 535 2213 se
565 2148 719 2212 lecturum
751 2147 946 2212 dicturumve
959 2147 1013 2233 ²1⁴)
1039 2146 1360 2232 qnodinterrogatur.
1408 2148 1467 2214 Ut:

225 2252 320 2319 tocies
342 2252 426 2319 hoo?
457 2251 587 2329 tnoiem3
617 2250 727 2316 dicos?
757 2252 858 2315 dicum
872 2252 938 2335 ¹¹⁶).
979 2250 1086 2318 Aliter
1108 2256 1212 2319 tamen
1233 2253 1270 2319 in
1291 2254 1470 2319 cenaeus

226 2358 398 2440 acchiitur:
419 2356 573 2439 stipootcrc
594 2361 744 2438 quonium
767 2356 825 2433 eis,
848 2356 884 2421 isi
905 2361 950 2422 est
971 2357 1130 2441 inorropa
1152 2362 1302 2439 quesitum
1324 2359 1381 2425 cis.
1420 2357 1470 2421 ltu

228 2462 326 2527 visum
349 2461 400 2539 sit,
424 2459 574 2544 quomodo
598 2459 644 2524 lex
665 2460 804 2543 predicta
826 2460 1031 2545 intelligenda
1053 2460 1104 2526 sit.
1140 2460 1200 2525 Sel
1225 2460 1348 2526 videtur
1371 2461 1466 2526 falso:

227 2584 296 2629 cum
320 2564 437 2649 aliquid
460 2564 516 2629 fiat
538 2582 591 2648 per
610 2582 758 2644 conones,
783 2583 843 2650 que
866 2565 929 2630 sint
948 2565 1056 2630 contre
1078 2564 1179 2647 leges,
1207 2567 1391 2631 nontamen
1414 2565 1470 2629 be·

229 2670 339 2734 bestnr
361 2688 413 2753 pro
436 2667 568 2761 inlecto,
598 2669 693 2734 immo
714 2688 767 2753 pro
794 2670 894 2746 lucto,
917 2670 991 2753 quie
1012 2686 1142 2733 canones
1165 2667 1316 2752 derogent
1338 2669 1469 2754 legibus.

229 2774 300 2839 ldeo
324 2774 370 2839 ita
393 2773 630 2858 intelligendum
654 2775 718 2839 est:
751 2793 804 2857 pro
833 2774 946 2839 intecto
969 2771 1143 2838 babendum
1164 2774 1229 2851 est,
1257 2772 1317 2838 nisi
1341 2793 1395 2857 per
1415 2792 1469 2837 ca·

228 2898 320 2945 nones
340 2878 456 2944 lactum
480 2878 532 2943 sit.
575 2878 704 2943 Videtur
726 2880 831 2944 autom
855 2879 882 2943 ei
906 2877 970 2943 elie
992 2877 1041 2943 lox
1064 2876 1229 2956 contrariu,
1254 2896 1315 2961 qus
1337 2877 1467 2945 dicitur:

227 2982 307 3067 quod
330 2983 527 3060 factumest,
552 2981 638 3047 nullo
659 2983 735 3049 iuris
758 2982 979 3049 constitutione
1002 2980 1117 3046 motuni
1141 2984 1251 3065 potest,
1274 2982 1347 3065 quin
1363 2984 1415 3061 sit,
1439 2982 1470 3046 id

228 3090 276 3154 est
298 3087 372 3171 quin
395 3087 513 3152 luctum
537 3086 588 3150 sit.
627 3086 667 3151 111
691 3086 736 3150 ite
758 3086 838 3169 quod
862 3088 969 3151 contre
989 3087 1091 3169 legem
1114 3085 1161 3162 tit,
1186 3104 1245 3151 non
1269 3086 1401 3152 babetur
1415 3105 1470 3170 pro

229 3191 349 3270 inlecto,
372 3191 444 3275 quin
466 3189 546 3272 quod
571 3190 688 3255 tectum
713 3208 835 3255 necesse
858 3189 1043 3255 estfactum
1066 3208 1140 3255 osse.
1168 3190 1215 3254 Ad
1232 3191 1290 3256 boc
1305 3191 1468 3257 dicendum

227 3418 334 3473 hoiseen
353 3415 474 3473 Oenones
492 3416 569 3471 nicht
588 3414 632 3470 (lie
648 3415 757 3471 citirteu
776 3414 938 3471 Abschnitte
956 3415 1003 3471 (len
1017 3415 1190 3485 Euangeliou,
1209 3416 1324 3472 sondern
1343 3417 1387 3471 die
1404 3419 1471 3472 nebu

227 3503 417 3575 synoptiscben
444 3504 540 3559 Teleln
566 3504 613 3558 cles
638 3502 786 3569 Eusebius,
810 3502 911 3558 welche
933 3503 976 3559 dio
998 3503 1300 3567 ubereinstinnnnenclen.
1325 3502 1406 3559 bessu
1428 3504 1473 3558 (lie

229 3607 280 3646 nur
297 3590 341 3645 bei
359 3591 445 3646 ciuem
462 3589 657 3661 Euangelisten
676 3588 901 3646 vorkomunenuleu
918 3589 1025 3661 Cepitel
1044 3590 1225 3646 veneicbnen.
1260 3591 1315 3645 Der
1333 3590 1472 3645 verbosor

228 3677 289 3747 gibt
307 3675 365 3732 eleo
383 3677 441 3733 bier
460 3678 518 3732 eine
536 3677 646 3732 contuse
664 3676 829 3748 Erkltruug.

332 3764 393 3834 211)
410 3764 446 3819 Es
464 3764 501 3818 ist
519 3763 590 3818 wohl
610 3763 656 3818 clos
675 3764 827 3821 Veniaesers
845 3764 1017 3820 commentar
1036 3780 1067 3817 nn
1085 3764 1173 3819 eiuem
1191 3763 1317 3819 »libellus
1336 3763 1369 3819 de
1386 3764 1471 3835 signi·

227 3848 397 3905 linctionibus
416 3850 574 3905 uerborum
593 3850 722 3921 gumeint
743 3850 857 3906 welcber
875 3851 945 3906 ench
963 3850 998 3905 ed
1014 3867 1036 3905 c.
1056 3851 1081 3904 4.
1101 3850 1132 3904 D.
1154 3851 1186 3905 18
1204 3849 1323 3921 bezogen
1343 3851 1416 3906 uirol.

333 3936 394 4006 212)
415 3937 504 4008 Vergl.
523 3936 567 3991 die
586 3936 640 3991 Nte
657 3936 692 3991 84
709 3937 757 3992 der
775 3940 860 4006 Ausg.
880 3936 1050 4007 Fricdberg's
1068 3937 1095 3992 b.
1116 3936 1134 3990 1.

332 4022 394 4091 213)
414 4024 505 4093 Vergl.
526 4024 569 4079 die
588 4022 642 4078 Nlo
661 4022 694 4078 85
712 4023 759 4078 der
779 4025 862 4091 hung.
883 4024 1052 4093 Friedberg's
1070 4023 1096 4078 h.
1115 4024 1133 4078 1.

333 4110 411 4179 213¹)
432 4110 522 4180 Vergl.
543 4111 560 4164 1.
577 4112 601 4165 5.
620 4110 683 4167 Cod.
704 4110 737 4165 de
755 4112 809 4181 leg.
829 4111 935 4179 [1,14).

332 4197 393 4266 214)
413 4198 447 4251 So
465 4196 512 4251 der
530 4196 611 4262 Cod.;
632 4214 659 4251 es
679 4198 716 4252 ist
734 4197 854 4253 offenbsr
873 4196 1065 4253 »duturnmvec
1083 4214 1115 4251 zu
1132 4197 1293 4253 emendiceu.
1317 4198 1381 4268 Vgl.
1401 4198 1474 4253 obri-

229 4298 295 4351 gens
315 4283 357 4338 die
375 4283 541 4349 bohannien,
564 4284 631 4339 einch
651 4284 711 4339 deun
731 4284 894 4340 blittelslter
913 4283 1065 4354 geltuflgen
1084 4283 1279 4348 Definitioueu.
1309 4284 1409 4341 welche
1426 4285 1477 4340 sus

228 4368 272 4423 die
288 4370 307 4424 1.
327 4372 342 4425 5
361 4371 384 4436 ἓ.
405 4372 416 4426 l
437 4372 469 4426 D.
489 4370 522 4426 tle
541 4370 611 4427 verb.
628 4370 712 4441 oblig.
731 4372 783 4440 (45,
804 4372 830 4439 1)
848 4372 889 4426 uls
907 4372 966 4426 ihre
984 4371 1079 4439 Quelle
1096 4372 1291 4441 uurbchgehen.

331 4458 393 4527 215)
414 4458 502 4528 Vergl.
522 4458 593 4513 Note
610 4458 676 4523 211;
706 4474 733 4512 es
759 4459 797 4513 ist
825 4458 894 4514 such
922 4458 980 4513 hier
1008 4458 1118 4514 »debis«
1144 4457 1199 4513 und
1225 4458 1328 4514 ›dubo‹
1359 4474 1391 4513 zu
1415 4474 1473 4514 eor-

231 4542 341 4617 riglren.
