<?xml version="1.0" encoding="UTF-8"?>
<!DOCTYPE html PUBLIC "-//W3C//DTD XHTML 1.0 Transitional//EN"
    "http://www.w3.org/TR/xhtml1/DTD/xhtml1-transitional.dtd">
<html xmlns="http://www.w3.org/1999/xhtml" xml:lang="en" lang="en">
 <head>
  <title>
</title>
<meta http-equiv="Content-Type" content="text/html;charset=utf-8" />
  <meta name='ocr-system' content='tesseract 3.04.00' />
  <meta name='ocr-capabilities' content='ocr_page ocr_carea ocr_par ocr_line ocrx_word'/>
</head>
<body>
  <div class='ocr_page' id='page_1' title='image "./archivfrkatholi26jurigoog/archivfrkatholi26jurigoog_0472.png"; bbox 0 0 3275 4917; ppageno 0'>
   <div class='ocr_carea' id='block_1_1' title="bbox 737 588 818 670">
    <p class='ocr_par' dir='ltr' id='par_1_1' title="bbox 737 588 818 670">
     <span class='ocr_line' id='line_1_1' title="bbox 737 588 818 670; baseline 0.012 -1"><span class='ocrx_word' id='word_1_1' title='bbox 737 588 818 670; x_wconf 83' lang='grc' dir='ltr'><strong>ΧΧΙ.</strong></span> 
     </span>
    </p>
   </div>
   <div class='ocr_carea' id='block_1_2' title="bbox 147 742 1385 949">
    <p class='ocr_par' dir='ltr' id='par_1_2' title="bbox 147 742 1385 949">
     <span class='ocr_line' id='line_1_2' title="bbox 147 742 1385 829; baseline -0.002 -2"><span class='ocrx_word' id='word_1_2' title='bbox 147 747 237 829; x_wconf 78' lang='lat' dir='ltr'>title</span> <span class='ocrx_word' id='word_1_3' title='bbox 263 747 327 828; x_wconf 87' lang='lat' dir='ltr'>der</span> <span class='ocrx_word' id='word_1_4' title='bbox 353 748 482 827; x_wconf 76' lang='lat' dir='ltr'>teter-r.</span> <span class='ocrx_word' id='word_1_5' title='bbox 510 745 860 827; x_wconf 79' lang='lat' dir='ltr'>Bieclolseonlerenz</span> <span class='ocrx_word' id='word_1_6' title='bbox 886 764 963 825; x_wconf 84' lang='lat' dir='ltr'>vern</span> <span class='ocrx_word' id='word_1_7' title='bbox 990 745 1094 825; x_wconf 84' lang='lat' dir='ltr'>latre</span> <span class='ocrx_word' id='word_1_8' title='bbox 1119 742 1212 824; x_wconf 84' lang='grc'><strong>1889</strong></span> <span class='ocrx_word' id='word_1_9' title='bbox 1244 766 1288 825; x_wconf 86' lang='lat' dir='ltr'>ao</span> <span class='ocrx_word' id='word_1_10' title='bbox 1320 745 1385 824; x_wconf 87' lang='lat' dir='ltr'>der</span> 
     </span>
     <span class='ocr_line' id='line_1_3' title="bbox 361 866 1172 949; baseline 0 -2"><span class='ocrx_word' id='word_1_11' title='bbox 361 866 409 949; x_wconf 86' lang='grc' dir='ltr'>ΗΙ.</span> <span class='ocrx_word' id='word_1_12' title='bbox 434 867 541 948; x_wconf 77' lang='lat' dir='ltr'>teter</span> <span class='ocrx_word' id='word_1_13' title='bbox 568 868 601 947; x_wconf 90' lang='lat' dir='ltr'>in</span> <span class='ocrx_word' id='word_1_14' title='bbox 629 867 761 948; x_wconf 77' lang='lat' dir='ltr'>tedred</span> <span class='ocrx_word' id='word_1_15' title='bbox 788 867 854 948; x_wconf 86' lang='lat' dir='ltr'>des</span> <span class='ocrx_word' id='word_1_16' title='bbox 881 866 1172 947; x_wconf 77' lang='lat' dir='ltr'>Duellnnweseos</span> 
     </span>
    </p>
   </div>
   <div class='ocr_carea' id='block_1_3' title="bbox 146 1020 1387 1179">
    <p class='ocr_par' dir='ltr' id='par_1_3' title="bbox 146 1020 1387 1179">
     <span class='ocr_line' id='line_1_4' title="bbox 146 1020 1387 1093; baseline -0.002 -13"><span class='ocrx_word' id='word_1_17' title='bbox 146 1024 247 1093; x_wconf 73' lang='lat' dir='ltr'>(Akten</span> <span class='ocrx_word' id='word_1_18' title='bbox 265 1022 313 1078; x_wconf 88' lang='lat' dir='ltr'>der</span> <span class='ocrx_word' id='word_1_19' title='bbox 331 1022 452 1079; x_wconf 80' lang='lat' dir='ltr'>biscbdll.</span> <span class='ocrx_word' id='word_1_20' title='bbox 470 1022 614 1078; x_wconf 80' lang='lat' dir='ltr'>Conferenn</span> <span class='ocrx_word' id='word_1_21' title='bbox 635 1022 683 1077; x_wconf 82' lang='lat' dir='ltr'>Nr.</span> <span class='ocrx_word' id='word_1_22' title='bbox 702 1022 779 1077; x_wconf 85' lang='lat' dir='ltr'><strong>VIII.</strong></span> <span class='ocrx_word' id='word_1_23' title='bbox 811 1022 875 1092; x_wconf 79' lang='lat' dir='ltr'>Vgl.</span> <span class='ocrx_word' id='word_1_24' title='bbox 894 1022 938 1077; x_wconf 90' lang='lat' dir='ltr'>die</span> <span class='ocrx_word' id='word_1_25' title='bbox 956 1022 1080 1077; x_wconf 76' lang='lat' dir='ltr'>Antwcrt</span> <span class='ocrx_word' id='word_1_26' title='bbox 1097 1020 1144 1077; x_wconf 88' lang='lat' dir='ltr'>des</span> <span class='ocrx_word' id='word_1_27' title='bbox 1163 1021 1192 1077; x_wconf 90' lang='lat' dir='ltr'>b.</span> <span class='ocrx_word' id='word_1_28' title='bbox 1209 1020 1307 1077; x_wconf 81' lang='lat' dir='ltr'>Vetere</span> <span class='ocrx_word' id='word_1_29' title='bbox 1325 1037 1387 1077; x_wconf 85' lang='lat' dir='ltr'>rom</span> 
     </span>
     <span class='ocr_line' id='line_1_5' title="bbox 413 1108 1120 1179; baseline -0.003 -14"><span class='ocrx_word' id='word_1_30' title='bbox 413 1110 453 1165; x_wconf 83' lang='lat'>12.</span> <span class='ocrx_word' id='word_1_31' title='bbox 472 1109 629 1179; x_wconf 72' lang='lat' dir='ltr'>September</span> <span class='ocrx_word' id='word_1_32' title='bbox 646 1110 713 1165; x_wconf 86' lang='grc'>1891</span> <span class='ocrx_word' id='word_1_33' title='bbox 733 1109 770 1163; x_wconf 83' lang='grc' dir='ltr'><strong>ἰιιι</strong></span> <span class='ocrx_word' id='word_1_34' title='bbox 790 1111 903 1164; x_wconf 81' lang='lat' dir='ltr'>Arcts&#39;v</span> <span class='ocrx_word' id='word_1_35' title='bbox 922 1108 1031 1164; x_wconf 85' lang='lat' dir='ltr'><strong>LXVII.</strong></span> <span class='ocrx_word' id='word_1_36' title='bbox 1053 1108 1120 1177; x_wconf 88' lang='grc'>191.)</span> 
     </span>
    </p>
   </div>
   <div class='ocr_carea' id='block_1_4' title="bbox 458 1265 794 1334">
    <p class='ocr_par' dir='ltr' id='par_1_4' title="bbox 458 1265 794 1334">
     <span class='ocr_line' id='line_1_6' title="bbox 458 1265 794 1334; baseline -0.006 -2"><span class='ocrx_word' id='word_1_37' title='bbox 458 1265 655 1334; x_wconf 74' lang='lat' dir='ltr'>Beatissimo</span> <span class='ocrx_word' id='word_1_38' title='bbox 679 1266 794 1334; x_wconf 81' lang='lat' dir='ltr'>Pater!</span> 
     </span>
    </p>
   </div>
   <div class='ocr_carea' id='block_1_5' title="bbox 147 1386 1391 1685">
    <p class='ocr_par' dir='ltr' id='par_1_5' title="bbox 147 1386 1391 1685">
     <span class='ocr_line' id='line_1_7' title="bbox 251 1386 1388 1472; baseline 0 -18"><span class='ocrx_word' id='word_1_39' title='bbox 251 1388 294 1454; x_wconf 86' lang='lat' dir='ltr'>Ut</span> <span class='ocrx_word' id='word_1_40' title='bbox 315 1387 419 1453; x_wconf 86' lang='lat' dir='ltr'>divine</span> <span class='ocrx_word' id='word_1_41' title='bbox 438 1386 598 1472; x_wconf 77' lang='lat' dir='ltr'>Scriptura</span> <span class='ocrx_word' id='word_1_42' title='bbox 621 1388 724 1465; x_wconf 81' lang='lat' dir='ltr'>refert,</span> <span class='ocrx_word' id='word_1_43' title='bbox 751 1387 930 1454; x_wconf 83' lang='lat' dir='ltr'>»dicebatur</span> <span class='ocrx_word' id='word_1_44' title='bbox 952 1388 984 1453; x_wconf 94' lang='lat' dir='ltr'>in</span> <span class='ocrx_word' id='word_1_45' title='bbox 1008 1386 1105 1453; x_wconf 83' lang='lat' dir='ltr'>veteri</span> <span class='ocrx_word' id='word_1_46' title='bbox 1127 1388 1302 1470; x_wconf 81' lang='lat' dir='ltr'>prouerbio:</span> <span class='ocrx_word' id='word_1_47' title='bbox 1328 1388 1388 1471; x_wconf 82' lang='lat' dir='ltr'>Qui</span> 
     </span>
     <span class='ocr_line' id='line_1_8' title="bbox 147 1491 1391 1577; baseline -0.001 -19"><span class='ocrx_word' id='word_1_48' title='bbox 147 1494 359 1576; x_wconf 85' lang='lat' dir='ltr'>interrogant,</span> <span class='ocrx_word' id='word_1_49' title='bbox 389 1493 583 1576; x_wconf 75' lang='lat' dir='ltr'>interrogent</span> <span class='ocrx_word' id='word_1_50' title='bbox 611 1494 643 1557; x_wconf 92' lang='lat' dir='ltr'>in</span> <span class='ocrx_word' id='word_1_51' title='bbox 669 1492 806 1569; x_wconf 73' lang='lat' dir='ltr'>Abala«,</span> <span class='ocrx_word' id='word_1_52' title='bbox 837 1492 913 1557; x_wconf 87' lang='lat' dir='ltr'>haee</span> <span class='ocrx_word' id='word_1_53' title='bbox 943 1492 1023 1557; x_wconf 91' lang='lat' dir='ltr'>enim</span> <span class='ocrx_word' id='word_1_54' title='bbox 1054 1491 1165 1556; x_wconf 83' lang='lat' dir='ltr'>ciuitas</span> <span class='ocrx_word' id='word_1_55' title='bbox 1194 1511 1213 1557; x_wconf 92' lang='lat' dir='ltr'>a</span> <span class='ocrx_word' id='word_1_56' title='bbox 1239 1494 1391 1577; x_wconf 87' lang='lat' dir='ltr'>sapientie</span> 
     </span>
     <span class='ocr_line' id='line_1_9' title="bbox 149 1595 1389 1685; baseline 0 -22"><span class='ocrx_word' id='word_1_57' title='bbox 149 1596 345 1663; x_wconf 86' lang='lat' dir='ltr'>consiliorum</span> <span class='ocrx_word' id='word_1_58' title='bbox 368 1595 564 1675; x_wconf 84' lang='lat' dir='ltr'>laudabatur,</span> <span class='ocrx_word' id='word_1_59' title='bbox 588 1600 620 1662; x_wconf 90' lang='lat' dir='ltr'>et</span> <span class='ocrx_word' id='word_1_60' title='bbox 636 1600 703 1662; x_wconf 88' lang='lat' dir='ltr'>erat</span> <span class='ocrx_word' id='word_1_61' title='bbox 717 1596 807 1680; x_wconf 87' lang='lat' dir='ltr'>quasi</span> <span class='ocrx_word' id='word_1_62' title='bbox 833 1599 951 1663; x_wconf 81' lang='lat' dir='ltr'>»mater</span> <span class='ocrx_word' id='word_1_63' title='bbox 966 1598 996 1661; x_wconf 89' lang='lat' dir='ltr'>in</span> <span class='ocrx_word' id='word_1_64' title='bbox 1013 1596 1130 1663; x_wconf 79' lang='lat' dir='ltr'>Israel«</span> <span class='ocrx_word' id='word_1_65' title='bbox 1157 1596 1212 1676; x_wconf 88' lang='lat' dir='ltr'>(ll.</span> <span class='ocrx_word' id='word_1_66' title='bbox 1230 1596 1306 1681; x_wconf 83' lang='lat' dir='ltr'>Reg.</span> <span class='ocrx_word' id='word_1_67' title='bbox 1323 1597 1389 1685; x_wconf 80' lang='lat'><strong>20).</strong></span> 
     </span>
    </p>
   </div>
   <div class='ocr_carea' id='block_1_6' title="bbox 88 1700 1392 2204">
    <p class='ocr_par' dir='ltr' id='par_1_6' title="bbox 88 1700 1392 2204">
     <span class='ocr_line' id='line_1_10' title="bbox 150 1700 1389 1784; baseline 0 -18"><span class='ocrx_word' id='word_1_68' title='bbox 150 1703 195 1766; x_wconf 81' lang='lat' dir='ltr'>At</span> <span class='ocrx_word' id='word_1_69' title='bbox 223 1700 281 1767; x_wconf 89' lang='lat' dir='ltr'>snb</span> <span class='ocrx_word' id='word_1_70' title='bbox 312 1718 406 1765; x_wconf 81' lang='lat' dir='ltr'>nouae</span> <span class='ocrx_word' id='word_1_71' title='bbox 437 1700 516 1784; x_wconf 85' lang='lat' dir='ltr'>legis</span> <span class='ocrx_word' id='word_1_72' title='bbox 541 1700 688 1784; x_wconf 88' lang='lat' dir='ltr'>imperio,</span> <span class='ocrx_word' id='word_1_73' title='bbox 715 1720 752 1765; x_wconf 88' lang='lat' dir='ltr'>er</span> <span class='ocrx_word' id='word_1_74' title='bbox 782 1700 998 1784; x_wconf 86' lang='lat' dir='ltr'>antiquissimo</span> <span class='ocrx_word' id='word_1_75' title='bbox 1028 1700 1156 1765; x_wconf 87' lang='lat' dir='ltr'>Petrum</span> <span class='ocrx_word' id='word_1_76' title='bbox 1179 1700 1325 1768; x_wconf 90' lang='lat' dir='ltr'>instituto</span> <span class='ocrx_word' id='word_1_77' title='bbox 1348 1705 1389 1779; x_wconf 89' lang='lat' dir='ltr'>et,</span> 
     </span>
     <span class='ocr_line' id='line_1_11' title="bbox 149 1803 1392 1891; baseline -0.002 -19"><span class='ocrx_word' id='word_1_78' title='bbox 149 1805 229 1891; x_wconf 91' lang='lat' dir='ltr'>quod</span> <span class='ocrx_word' id='word_1_79' title='bbox 252 1804 446 1888; x_wconf 87' lang='lat' dir='ltr'>potissimum</span> <span class='ocrx_word' id='word_1_80' title='bbox 475 1806 540 1882; x_wconf 87' lang='lat' dir='ltr'>est,</span> <span class='ocrx_word' id='word_1_81' title='bbox 574 1824 590 1869; x_wconf 91' lang='lat' dir='ltr'>e</span> <span class='ocrx_word' id='word_1_82' title='bbox 619 1804 736 1871; x_wconf 83' lang='lat' dir='ltr'>(lhrieti</span> <span class='ocrx_word' id='word_1_83' title='bbox 766 1805 864 1889; x_wconf 87' lang='lat' dir='ltr'>ipsius</span> <span class='ocrx_word' id='word_1_84' title='bbox 891 1803 1082 1871; x_wconf 89' lang='lat' dir='ltr'>ordineti0ne</span> <span class='ocrx_word' id='word_1_85' title='bbox 1112 1823 1234 1871; x_wconf 89' lang='lat' dir='ltr'>necesse</span> <span class='ocrx_word' id='word_1_86' title='bbox 1262 1807 1326 1885; x_wconf 89' lang='lat' dir='ltr'>eet,</span> <span class='ocrx_word' id='word_1_87' title='bbox 1356 1810 1392 1871; x_wconf 90' lang='lat' dir='ltr'>ut</span> 
     </span>
     <span class='ocr_line' id='line_1_12' title="bbox 149 1908 1391 1995; baseline 0.002 -21"><span class='ocrx_word' id='word_1_88' title='bbox 149 1911 333 1995; x_wconf 81' lang='lat' dir='ltr'>quicumque</span> <span class='ocrx_word' id='word_1_89' title='bbox 355 1908 558 1994; x_wconf 82' lang='lat' dir='ltr'>interrogent,</span> <span class='ocrx_word' id='word_1_90' title='bbox 583 1910 638 1975; x_wconf 89' lang='lat' dir='ltr'>ant</span> <span class='ocrx_word' id='word_1_91' title='bbox 659 1912 741 1975; x_wconf 90' lang='lat' dir='ltr'>recte</span> <span class='ocrx_word' id='word_1_92' title='bbox 763 1928 871 1993; x_wconf 87' lang='lat' dir='ltr'>sapere</span> <span class='ocrx_word' id='word_1_93' title='bbox 894 1909 941 1974; x_wconf 84' lang='lat' dir='ltr'>sel</span> <span class='ocrx_word' id='word_1_94' title='bbox 965 1908 1025 1974; x_wconf 87' lang='lat' dir='ltr'>sibi</span> <span class='ocrx_word' id='word_1_95' title='bbox 1044 1909 1229 1993; x_wconf 82' lang='lat' dir='ltr'>praesidium</span> <span class='ocrx_word' id='word_1_96' title='bbox 1245 1928 1391 1994; x_wconf 78' lang='lat' dir='ltr'>quaerere</span> 
     </span>
     <span class='ocr_line' id='line_1_13' title="bbox 88 2012 1390 2100; baseline -0.002 -19"><span class='ocrx_word' id='word_1_97' title='bbox 88 2042 93 2049; x_wconf 97' lang='lat'>·</span> <span class='ocrx_word' id='word_1_98' title='bbox 151 2016 273 2093; x_wconf 88' lang='lat' dir='ltr'>solunt,</span> <span class='ocrx_word' id='word_1_99' title='bbox 297 2012 408 2081; x_wconf 83' lang='lat' dir='ltr'>Sedens</span> <span class='ocrx_word' id='word_1_100' title='bbox 431 2014 603 2079; x_wconf 85' lang='lat' dir='ltr'>Romanam</span> <span class='ocrx_word' id='word_1_101' title='bbox 625 2014 739 2079; x_wconf 89' lang='lat' dir='ltr'>adeant</span> <span class='ocrx_word' id='word_1_102' title='bbox 761 2015 794 2080; x_wconf 90' lang='lat' dir='ltr'>et</span> <span class='ocrx_word' id='word_1_103' title='bbox 816 2012 977 2079; x_wconf 86' lang='lat' dir='ltr'>Summum</span> <span class='ocrx_word' id='word_1_104' title='bbox 1003 2013 1200 2093; x_wconf 85' lang='lat' dir='ltr'>Pontificem,</span> <span class='ocrx_word' id='word_1_105' title='bbox 1225 2034 1390 2100; x_wconf 90' lang='lat' dir='ltr'>perquem</span> 
     </span>
     <span class='ocr_line' id='line_1_14' title="bbox 151 2117 1392 2204; baseline 0 -19"><span class='ocrx_word' id='word_1_106' title='bbox 151 2120 264 2185; x_wconf 88' lang='lat' dir='ltr'>Petrus</span> <span class='ocrx_word' id='word_1_107' title='bbox 286 2118 351 2203; x_wconf 88' lang='lat' dir='ltr'>ipse</span> <span class='ocrx_word' id='word_1_108' title='bbox 370 2117 524 2202; x_wconf 87' lang='lat' dir='ltr'>loquitnr;</span> <span class='ocrx_word' id='word_1_109' title='bbox 556 2118 637 2203; x_wconf 93' lang='lat' dir='ltr'>quod</span> <span class='ocrx_word' id='word_1_110' title='bbox 665 2118 724 2202; x_wconf 88' lang='lat' dir='ltr'>ipsi</span> <span class='ocrx_word' id='word_1_111' title='bbox 755 2137 836 2184; x_wconf 88' lang='lat' dir='ltr'>nune</span> <span class='ocrx_word' id='word_1_112' title='bbox 867 2117 978 2183; x_wconf 88' lang='lat' dir='ltr'>humili</span> <span class='ocrx_word' id='word_1_113' title='bbox 1007 2118 1106 2204; x_wconf 88' lang='lat' dir='ltr'>quoad</span> <span class='ocrx_word' id='word_1_114' title='bbox 1134 2117 1222 2185; x_wconf 88' lang='lat' dir='ltr'>decet</span> <span class='ocrx_word' id='word_1_115' title='bbox 1246 2119 1392 2203; x_wconf 91' lang='lat' dir='ltr'>obsequio</span> 
     </span>
    </p>
   </div>
   <div class='ocr_carea' id='block_1_7' title="bbox 30 2224 285 2317">
    <p class='ocr_par' dir='ltr' id='par_1_7' title="bbox 30 2224 285 2317">
     <span class='ocr_line' id='line_1_15' title="bbox 30 2224 285 2317; baseline -0.004 -28"><span class='ocrx_word' id='word_1_116' title='bbox 30 2310 38 2317; x_wconf 30' lang='lat'>¹</span> <span class='ocrx_word' id='word_1_117' title='bbox 150 2224 285 2308; x_wconf 84' lang='lat' dir='ltr'>agimus.</span> 
     </span>
    </p>
   </div>
   <div class='ocr_carea' id='block_1_8' title="bbox 151 2325 1404 4601">
    <p class='ocr_par' dir='ltr' id='par_1_8' title="bbox 151 2325 1404 4601">
     <span class='ocr_line' id='line_1_16' title="bbox 257 2325 1392 2411; baseline 0 -19"><span class='ocrx_word' id='word_1_118' title='bbox 257 2326 411 2393; x_wconf 82' lang='lat' dir='ltr'>Pessimus</span> <span class='ocrx_word' id='word_1_119' title='bbox 431 2325 543 2410; x_wconf 85' lang='lat' dir='ltr'>qnippe</span> <span class='ocrx_word' id='word_1_120' title='bbox 566 2326 738 2391; x_wconf 80' lang='lat' dir='ltr'>duellorum</span> <span class='ocrx_word' id='word_1_121' title='bbox 762 2326 877 2391; x_wconf 89' lang='lat' dir='ltr'>abusus</span> <span class='ocrx_word' id='word_1_122' title='bbox 897 2326 950 2411; x_wconf 91' lang='lat' dir='ltr'>qui</span> <span class='ocrx_word' id='word_1_123' title='bbox 978 2327 1175 2393; x_wconf 81' lang='lat' dir='ltr'>machinante</span> <span class='ocrx_word' id='word_1_124' title='bbox 1206 2328 1328 2395; x_wconf 91' lang='lat' dir='ltr'>diabolo</span> <span class='ocrx_word' id='word_1_125' title='bbox 1360 2328 1392 2393; x_wconf 93' lang='lat' dir='ltr'>in</span> 
     </span>
     <span class='ocr_line' id='line_1_17' title="bbox 151 2424 1393 2517; baseline 0.001 -19"><span class='ocrx_word' id='word_1_126' title='bbox 151 2451 311 2517; x_wconf 84' lang='lat' dir='ltr'>corporum</span> <span class='ocrx_word' id='word_1_127' title='bbox 334 2430 448 2515; x_wconf 89' lang='lat' dir='ltr'>pariter</span> <span class='ocrx_word' id='word_1_128' title='bbox 470 2433 503 2496; x_wconf 92' lang='lat' dir='ltr'>et</span> <span class='ocrx_word' id='word_1_129' title='bbox 525 2430 698 2496; x_wconf 90' lang='lat' dir='ltr'>animarum</span> <span class='ocrx_word' id='word_1_130' title='bbox 715 2430 881 2515; x_wconf 87' lang='lat' dir='ltr'>perniciem</span> <span class='ocrx_word' id='word_1_131' title='bbox 897 2430 1052 2511; x_wconf 87' lang='lat' dir='ltr'>inductus,</span> <span class='ocrx_word' id='word_1_132' title='bbox 1073 2424 1186 2515; x_wconf 87' lang='lat' dir='ltr'>quique</span> <span class='ocrx_word' id='word_1_133' title='bbox 1207 2431 1393 2517; x_wconf 84' lang='lat' dir='ltr'>jampridem</span> 
     </span>
     <span class='ocr_line' id='line_1_18' title="bbox 151 2534 1394 2620; baseline -0.001 -17"><span class='ocrx_word' id='word_1_134' title='bbox 151 2538 191 2603; x_wconf 90' lang='lat' dir='ltr'>ab</span> <span class='ocrx_word' id='word_1_135' title='bbox 215 2534 354 2601; x_wconf 77' lang='lat' dir='ltr'>Ecclesia</span> <span class='ocrx_word' id='word_1_136' title='bbox 376 2535 558 2619; x_wconf 88' lang='lat' dir='ltr'>reprobatus</span> <span class='ocrx_word' id='word_1_137' title='bbox 587 2537 619 2601; x_wconf 90' lang='lat' dir='ltr'>et</span> <span class='ocrx_word' id='word_1_138' title='bbox 648 2536 842 2620; x_wconf 80' lang='lat' dir='ltr'>grauissimis</span> <span class='ocrx_word' id='word_1_139' title='bbox 872 2535 976 2619; x_wconf 89' lang='lat' dir='ltr'>poenis</span> <span class='ocrx_word' id='word_1_140' title='bbox 1006 2554 1159 2620; x_wconf 82' lang='lat' dir='ltr'>repressus</span> <span class='ocrx_word' id='word_1_141' title='bbox 1186 2537 1303 2616; x_wconf 87' lang='lat' dir='ltr'>luerat,</span> <span class='ocrx_word' id='word_1_142' title='bbox 1334 2557 1394 2605; x_wconf 89' lang='lat' dir='ltr'>non</span> 
     </span>
     <span class='ocr_line' id='line_1_19' title="bbox 151 2638 1391 2725; baseline -0.002 -18"><span class='ocrx_word' id='word_1_143' title='bbox 151 2641 242 2707; x_wconf 91' lang='lat' dir='ltr'>modo</span> <span class='ocrx_word' id='word_1_144' title='bbox 266 2659 323 2705; x_wconf 95' lang='lat' dir='ltr'>non</span> <span class='ocrx_word' id='word_1_145' title='bbox 346 2638 515 2722; x_wconf 86' lang='lat' dir='ltr'>disparuit,</span> <span class='ocrx_word' id='word_1_146' title='bbox 546 2639 620 2723; x_wconf 92' lang='lat' dir='ltr'>qnin</span> <span class='ocrx_word' id='word_1_147' title='bbox 643 2639 739 2706; x_wconf 89' lang='lat' dir='ltr'>etiam</span> <span class='ocrx_word' id='word_1_148' title='bbox 762 2640 793 2703; x_wconf 95' lang='lat' dir='ltr'>in</span> <span class='ocrx_word' id='word_1_149' title='bbox 815 2638 954 2722; x_wconf 90' lang='lat' dir='ltr'>pluribus</span> <span class='ocrx_word' id='word_1_150' title='bbox 976 2658 993 2704; x_wconf 92' lang='lat' dir='ltr'>e</span> <span class='ocrx_word' id='word_1_151' title='bbox 1014 2639 1188 2725; x_wconf 82' lang='lat' dir='ltr'>regionibns</span> <span class='ocrx_word' id='word_1_152' title='bbox 1212 2641 1325 2706; x_wconf 89' lang='lat' dir='ltr'>nostris</span> <span class='ocrx_word' id='word_1_153' title='bbox 1344 2641 1391 2705; x_wconf 91' lang='lat' dir='ltr'>in-</span> 
     </span>
     <span class='ocr_line' id='line_1_20' title="bbox 153 2742 1394 2829; baseline 0.001 -19"><span class='ocrx_word' id='word_1_154' title='bbox 153 2746 219 2811; x_wconf 90' lang='lat' dir='ltr'>dies</span> <span class='ocrx_word' id='word_1_155' title='bbox 240 2744 433 2829; x_wconf 79' lang='lat' dir='ltr'>frequentius</span> <span class='ocrx_word' id='word_1_156' title='bbox 459 2742 627 2823; x_wconf 57' lang='lat' dir='ltr'>actitatum</span> <span class='ocrx_word' id='word_1_157' title='bbox 658 2742 742 2827; x_wconf 85' lang='lat' dir='ltr'>leges</span> <span class='ocrx_word' id='word_1_158' title='bbox 764 2743 871 2808; x_wconf 81' lang='lat' dir='ltr'>civiles</span> <span class='ocrx_word' id='word_1_159' title='bbox 892 2743 931 2808; x_wconf 90' lang='lat' dir='ltr'>ad</span> <span class='ocrx_word' id='word_1_160' title='bbox 955 2763 1024 2808; x_wconf 91' lang='lat' dir='ltr'>enm</span> <span class='ocrx_word' id='word_1_161' title='bbox 1058 2743 1281 2827; x_wconf 89' lang='lat' dir='ltr'>prohibendum</span> <span class='ocrx_word' id='word_1_162' title='bbox 1310 2744 1394 2811; x_wconf 89' lang='lat' dir='ltr'>latae</span> 
     </span>
     <span class='ocr_line' id='line_1_21' title="bbox 153 2847 1397 2933; baseline 0 -19"><span class='ocrx_word' id='word_1_163' title='bbox 153 2850 266 2933; x_wconf 86' lang='lat' dir='ltr'>partim</span> <span class='ocrx_word' id='word_1_164' title='bbox 298 2848 462 2914; x_wconf 86' lang='lat' dir='ltr'>admodum</span> <span class='ocrx_word' id='word_1_165' title='bbox 489 2847 574 2913; x_wconf 87' lang='lat' dir='ltr'>lenes</span> <span class='ocrx_word' id='word_1_166' title='bbox 602 2849 634 2913; x_wconf 90' lang='lat' dir='ltr'>et</span> <span class='ocrx_word' id='word_1_167' title='bbox 668 2866 794 2913; x_wconf 88' lang='lat' dir='ltr'>maneae</span> <span class='ocrx_word' id='word_1_168' title='bbox 829 2849 917 2926; x_wconf 91' lang='lat' dir='ltr'>sunt,</span> <span class='ocrx_word' id='word_1_169' title='bbox 954 2847 1067 2931; x_wconf 81' lang='lat' dir='ltr'>partim</span> <span class='ocrx_word' id='word_1_170' title='bbox 1101 2867 1158 2913; x_wconf 89' lang='lat' dir='ltr'>non</span> <span class='ocrx_word' id='word_1_171' title='bbox 1192 2848 1397 2927; x_wconf 73' lang='lat' dir='ltr'>adhibentur,</span> 
     </span>
     <span class='ocr_line' id='line_1_22' title="bbox 152 2951 1396 3039; baseline 0 -21"><span class='ocrx_word' id='word_1_172' title='bbox 152 2953 278 3039; x_wconf 87' lang='lat' dir='ltr'>publiea</span> <span class='ocrx_word' id='word_1_173' title='bbox 300 2971 380 3031; x_wconf 84' lang='lat' dir='ltr'>sero,</span> <span class='ocrx_word' id='word_1_174' title='bbox 402 2951 450 3017; x_wconf 94' lang='lat' dir='ltr'>uti</span> <span class='ocrx_word' id='word_1_175' title='bbox 472 2951 570 3035; x_wconf 87' lang='lat' dir='ltr'>ajunt,</span> <span class='ocrx_word' id='word_1_176' title='bbox 594 2951 696 3035; x_wconf 90' lang='lat' dir='ltr'>opinio</span> <span class='ocrx_word' id='word_1_177' title='bbox 719 2971 789 3017; x_wconf 89' lang='lat' dir='ltr'>eum</span> <span class='ocrx_word' id='word_1_178' title='bbox 815 2970 929 3017; x_wconf 86' lang='lat' dir='ltr'>rnorem</span> <span class='ocrx_word' id='word_1_179' title='bbox 955 2970 1013 3017; x_wconf 91' lang='lat' dir='ltr'>non</span> <span class='ocrx_word' id='word_1_180' title='bbox 1035 2951 1218 3031; x_wconf 86' lang='lat' dir='ltr'>detestatur,</span> <span class='ocrx_word' id='word_1_181' title='bbox 1240 2952 1322 3018; x_wconf 89' lang='lat' dir='ltr'>siout</span> <span class='ocrx_word' id='word_1_182' title='bbox 1341 2972 1396 3036; x_wconf 87' lang='lat' dir='ltr'>par</span> 
     </span>
     <span class='ocr_line' id='line_1_23' title="bbox 154 3056 1398 3140; baseline -0.002 -15"><span class='ocrx_word' id='word_1_183' title='bbox 154 3060 211 3138; x_wconf 87' lang='lat' dir='ltr'>eet,</span> <span class='ocrx_word' id='word_1_184' title='bbox 237 3057 283 3123; x_wconf 88' lang='lat' dir='ltr'>sel</span> <span class='ocrx_word' id='word_1_185' title='bbox 304 3056 398 3123; x_wconf 91' lang='lat' dir='ltr'>etiam</span> <span class='ocrx_word' id='word_1_186' title='bbox 417 3056 526 3122; x_wconf 89' lang='lat' dir='ltr'>laudat</span> <span class='ocrx_word' id='word_1_187' title='bbox 546 3058 579 3121; x_wconf 90' lang='lat' dir='ltr'>et</span> <span class='ocrx_word' id='word_1_188' title='bbox 600 3056 713 3122; x_wconf 90' lang='lat' dir='ltr'>honore</span> <span class='ocrx_word' id='word_1_189' title='bbox 736 3056 940 3140; x_wconf 74' lang='lat' dir='ltr'>proseantnr.</span> <span class='ocrx_word' id='word_1_190' title='bbox 969 3056 1033 3121; x_wconf 82' lang='lat' dir='ltr'>alii</span> <span class='ocrx_word' id='word_1_191' title='bbox 1049 3057 1131 3134; x_wconf 87' lang='lat' dir='ltr'>eunt,</span> <span class='ocrx_word' id='word_1_192' title='bbox 1156 3056 1218 3140; x_wconf 92' lang='lat' dir='ltr'>qni,</span> <span class='ocrx_word' id='word_1_193' title='bbox 1243 3056 1398 3123; x_wconf 74' lang='lat' dir='ltr'>dcclenee</span> 
     </span>
     <span class='ocr_line' id='line_1_24' title="bbox 154 3160 1395 3245; baseline -0.002 -16"><span class='ocrx_word' id='word_1_194' title='bbox 154 3162 272 3229; x_wconf 86' lang='lat' dir='ltr'>monita</span> <span class='ocrx_word' id='word_1_195' title='bbox 294 3160 384 3227; x_wconf 90' lang='lat' dir='ltr'>nihili</span> <span class='ocrx_word' id='word_1_196' title='bbox 407 3160 564 3239; x_wconf 85' lang='lat' dir='ltr'>iacientes,</span> <span class='ocrx_word' id='word_1_197' title='bbox 589 3160 694 3226; x_wconf 90' lang='lat' dir='ltr'>duella</span> <span class='ocrx_word' id='word_1_198' title='bbox 717 3160 795 3225; x_wconf 88' lang='lat' dir='ltr'>inire</span> <span class='ocrx_word' id='word_1_199' title='bbox 813 3180 874 3226; x_wconf 93' lang='lat' dir='ltr'>non</span> <span class='ocrx_word' id='word_1_200' title='bbox 897 3160 1043 3227; x_wconf 91' lang='lat' dir='ltr'>dubitant</span> <span class='ocrx_word' id='word_1_201' title='bbox 1058 3160 1131 3240; x_wconf 89' lang='lat' dir='ltr'>sive,</span> <span class='ocrx_word' id='word_1_202' title='bbox 1153 3163 1188 3227; x_wconf 90' lang='lat' dir='ltr'>ut</span> <span class='ocrx_word' id='word_1_203' title='bbox 1203 3163 1395 3245; x_wconf 85' lang='lat' dir='ltr'>praeterunt,</span> 
     </span>
     <span class='ocr_line' id='line_1_25' title="bbox 154 3264 1397 3350; baseline -0.003 -17"><span class='ocrx_word' id='word_1_204' title='bbox 154 3267 192 3333; x_wconf 92' lang='lat' dir='ltr'>ad</span> <span class='ocrx_word' id='word_1_205' title='bbox 217 3268 360 3335; x_wconf 85' lang='lat' dir='ltr'>honorem</span> <span class='ocrx_word' id='word_1_206' title='bbox 384 3264 550 3344; x_wconf 90' lang='lat' dir='ltr'>tuendum,</span> <span class='ocrx_word' id='word_1_207' title='bbox 585 3265 651 3330; x_wconf 89' lang='lat' dir='ltr'>sive</span> <span class='ocrx_word' id='word_1_208' title='bbox 679 3264 718 3330; x_wconf 90' lang='lat' dir='ltr'>ad</span> <span class='ocrx_word' id='word_1_209' title='bbox 740 3264 888 3332; x_wconf 89' lang='lat' dir='ltr'>ultionem</span> <span class='ocrx_word' id='word_1_210' title='bbox 912 3266 1093 3331; x_wconf 86' lang='lat' dir='ltr'>sumendam</span> <span class='ocrx_word' id='word_1_211' title='bbox 1119 3266 1157 3332; x_wconf 92' lang='lat' dir='ltr'>de</span> <span class='ocrx_word' id='word_1_212' title='bbox 1181 3266 1319 3350; x_wconf 80' lang='lat' dir='ltr'>injuriis3</span> <span class='ocrx_word' id='word_1_213' title='bbox 1343 3266 1397 3331; x_wconf 90' lang='lat' dir='ltr'>elii</span> 
     </span>
     <span class='ocr_line' id='line_1_26' title="bbox 154 3368 1399 3455; baseline -0.002 -19"><span class='ocrx_word' id='word_1_214' title='bbox 154 3374 235 3451; x_wconf 86' lang='lat' dir='ltr'>sunt,</span> <span class='ocrx_word' id='word_1_215' title='bbox 257 3372 320 3455; x_wconf 90' lang='lat' dir='ltr'>qni,</span> <span class='ocrx_word' id='word_1_216' title='bbox 342 3368 403 3436; x_wconf 86' lang='lat' dir='ltr'>etsi</span> <span class='ocrx_word' id='word_1_217' title='bbox 426 3388 484 3434; x_wconf 94' lang='lat' dir='ltr'>non</span> <span class='ocrx_word' id='word_1_218' title='bbox 508 3387 629 3434; x_wconf 91' lang='lat' dir='ltr'>omnem</span> <span class='ocrx_word' id='word_1_219' title='bbox 652 3370 856 3436; x_wconf 89' lang='lat' dir='ltr'>reverentiam</span> <span class='ocrx_word' id='word_1_220' title='bbox 877 3388 952 3455; x_wconf 81' lang='lat' dir='ltr'>erga</span> <span class='ocrx_word' id='word_1_221' title='bbox 971 3368 1142 3435; x_wconf 78' lang='lat' dir='ltr'>Ecclesiam</span> <span class='ocrx_word' id='word_1_222' title='bbox 1164 3370 1342 3454; x_wconf 82' lang='lat' dir='ltr'>abjecerint,</span> <span class='ocrx_word' id='word_1_223' title='bbox 1366 3372 1399 3435; x_wconf 90' lang='lat' dir='ltr'>et</span> 
     </span>
     <span class='ocr_line' id='line_1_27' title="bbox 153 3472 1399 3560; baseline -0.002 -19"><span class='ocrx_word' id='word_1_224' title='bbox 153 3475 294 3560; x_wconf 83' lang='lat' dir='ltr'>quamvls</span> <span class='ocrx_word' id='word_1_225' title='bbox 316 3473 491 3558; x_wconf 88' lang='lat' dir='ltr'>improbum</span> <span class='ocrx_word' id='word_1_226' title='bbox 512 3475 546 3538; x_wconf 88' lang='lat' dir='ltr'>et</span> <span class='ocrx_word' id='word_1_227' title='bbox 566 3474 813 3540; x_wconf 86' lang='lat' dir='ltr'>irrationabilem</span> <span class='ocrx_word' id='word_1_228' title='bbox 836 3472 1008 3539; x_wconf 88' lang='lat' dir='ltr'>duellorum</span> <span class='ocrx_word' id='word_1_229' title='bbox 1034 3492 1122 3538; x_wconf 91' lang='lat' dir='ltr'>nsum</span> <span class='ocrx_word' id='word_1_230' title='bbox 1145 3474 1221 3540; x_wconf 92' lang='lat' dir='ltr'>bene</span> <span class='ocrx_word' id='word_1_231' title='bbox 1249 3474 1399 3553; x_wconf 87' lang='lat' dir='ltr'>noverint,</span> 
     </span>
     <span class='ocr_line' id='line_1_28' title="bbox 155 3578 1399 3662; baseline -0.001 -17"><span class='ocrx_word' id='word_1_232' title='bbox 155 3579 321 3645; x_wconf 88' lang='lat' dir='ltr'>abeodem</span> <span class='ocrx_word' id='word_1_233' title='bbox 349 3580 455 3645; x_wconf 86' lang='lat' dir='ltr'>tamen</span> <span class='ocrx_word' id='word_1_234' title='bbox 485 3596 519 3642; x_wconf 92' lang='lat' dir='ltr'>se</span> <span class='ocrx_word' id='word_1_235' title='bbox 546 3578 701 3644; x_wconf 88' lang='lat' dir='ltr'>abstinere</span> <span class='ocrx_word' id='word_1_236' title='bbox 731 3597 789 3643; x_wconf 91' lang='lat' dir='ltr'>non</span> <span class='ocrx_word' id='word_1_237' title='bbox 822 3597 909 3662; x_wconf 87' lang='lat' dir='ltr'>posse</span> <span class='ocrx_word' id='word_1_238' title='bbox 938 3578 1134 3657; x_wconf 87' lang='lat' dir='ltr'>existimant,</span> <span class='ocrx_word' id='word_1_239' title='bbox 1168 3598 1205 3644; x_wconf 87' lang='lat' dir='ltr'>oe</span> <span class='ocrx_word' id='word_1_240' title='bbox 1234 3597 1253 3643; x_wconf 91' lang='lat' dir='ltr'>a</span> <span class='ocrx_word' id='word_1_241' title='bbox 1286 3578 1399 3644; x_wconf 86' lang='lat' dir='ltr'>militia</span> 
     </span>
     <span class='ocr_line' id='line_1_29' title="bbox 155 3681 1398 3767; baseline -0.001 -19"><span class='ocrx_word' id='word_1_242' title='bbox 155 3684 303 3766; x_wconf 89' lang='lat' dir='ltr'>tanquam</span> <span class='ocrx_word' id='word_1_243' title='bbox 326 3683 432 3767; x_wconf 81' lang='lat' dir='ltr'>ignari</span> <span class='ocrx_word' id='word_1_244' title='bbox 455 3681 613 3762; x_wconf 84' lang='lat' dir='ltr'>excidant,</span> <span class='ocrx_word' id='word_1_245' title='bbox 638 3684 694 3748; x_wconf 92' lang='lat' dir='ltr'>aut</span> <span class='ocrx_word' id='word_1_246' title='bbox 715 3700 734 3747; x_wconf 91' lang='lat' dir='ltr'>a</span> <span class='ocrx_word' id='word_1_247' title='bbox 756 3682 970 3750; x_wconf 84' lang='lat' dir='ltr'>consodalibus</span> <span class='ocrx_word' id='word_1_248' title='bbox 993 3682 1058 3749; x_wconf 84' lang='lat' dir='ltr'>anis</span> <span class='ocrx_word' id='word_1_249' title='bbox 1082 3682 1239 3766; x_wconf 88' lang='lat' dir='ltr'>despectui</span> <span class='ocrx_word' id='word_1_250' title='bbox 1261 3682 1398 3748; x_wconf 87' lang='lat' dir='ltr'>habean-</span> 
     </span>
     <span class='ocr_line' id='line_1_30' title="bbox 156 3786 1398 3872; baseline 0.002 -21"><span class='ocrx_word' id='word_1_251' title='bbox 156 3791 218 3865; x_wconf 89' lang='lat' dir='ltr'>tur,</span> <span class='ocrx_word' id='word_1_252' title='bbox 240 3789 274 3852; x_wconf 92' lang='lat' dir='ltr'>et</span> <span class='ocrx_word' id='word_1_253' title='bbox 295 3806 312 3851; x_wconf 90' lang='lat' dir='ltr'>e</span> <span class='ocrx_word' id='word_1_254' title='bbox 334 3806 389 3851; x_wconf 88' lang='lat' dir='ltr'>suo</span> <span class='ocrx_word' id='word_1_255' title='bbox 412 3786 509 3854; x_wconf 84' lang='lat' dir='ltr'>veluti</span> <span class='ocrx_word' id='word_1_256' title='bbox 530 3788 615 3853; x_wconf 87' lang='lat' dir='ltr'>statu</span> <span class='ocrx_word' id='word_1_257' title='bbox 638 3787 760 3872; x_wconf 89' lang='lat' dir='ltr'>dejecti,</span> <span class='ocrx_word' id='word_1_258' title='bbox 784 3789 893 3853; x_wconf 88' lang='lat' dir='ltr'>misere</span> <span class='ocrx_word' id='word_1_259' title='bbox 916 3790 949 3853; x_wconf 92' lang='lat' dir='ltr'>et</span> <span class='ocrx_word' id='word_1_260' title='bbox 971 3788 1112 3854; x_wconf 88' lang='lat' dir='ltr'>indecere</span> <span class='ocrx_word' id='word_1_261' title='bbox 1137 3786 1237 3854; x_wconf 84' lang='lat' dir='ltr'>vivore</span> <span class='ocrx_word' id='word_1_262' title='bbox 1257 3786 1398 3856; x_wconf 89' lang='lat' dir='ltr'>debeant.</span> 
     </span>
     <span class='ocr_line' id='line_1_31' title="bbox 156 3889 1400 3977; baseline 0.001 -20"><span class='ocrx_word' id='word_1_263' title='bbox 156 3889 220 3957; x_wconf 85' lang='lat' dir='ltr'>Sub</span> <span class='ocrx_word' id='word_1_264' title='bbox 244 3889 293 3955; x_wconf 89' lang='lat' dir='ltr'>his</span> <span class='ocrx_word' id='word_1_265' title='bbox 314 3889 421 3974; x_wconf 88' lang='lat' dir='ltr'>itaque</span> <span class='ocrx_word' id='word_1_266' title='bbox 442 3891 701 3971; x_wconf 84' lang='lat' dir='ltr'>circumstantiis,</span> <span class='ocrx_word' id='word_1_267' title='bbox 733 3891 905 3977; x_wconf 84' lang='lat' dir='ltr'>singularia</span> <span class='ocrx_word' id='word_1_268' title='bbox 938 3891 1109 3957; x_wconf 85' lang='lat' dir='ltr'>certamina</span> <span class='ocrx_word' id='word_1_269' title='bbox 1138 3910 1259 3974; x_wconf 87' lang='lat' dir='ltr'>prorsus</span> <span class='ocrx_word' id='word_1_270' title='bbox 1286 3890 1400 3958; x_wconf 89' lang='lat' dir='ltr'>illicita</span> 
     </span>
     <span class='ocr_line' id='line_1_32' title="bbox 157 3993 1401 4080; baseline 0 -19"><span class='ocrx_word' id='word_1_271' title='bbox 157 4013 232 4073; x_wconf 87' lang='lat' dir='ltr'>esse,</span> <span class='ocrx_word' id='word_1_272' title='bbox 256 3993 394 4079; x_wconf 89' lang='lat' dir='ltr'>plerique</span> <span class='ocrx_word' id='word_1_273' title='bbox 414 3994 577 4071; x_wconf 86' lang='lat' dir='ltr'>dubitant;</span> <span class='ocrx_word' id='word_1_274' title='bbox 600 3996 781 4079; x_wconf 89' lang='lat' dir='ltr'>praesertim</span> <span class='ocrx_word' id='word_1_275' title='bbox 803 4014 875 4061; x_wconf 86' lang='lat' dir='ltr'>vero</span> <span class='ocrx_word' id='word_1_276' title='bbox 894 3996 1010 4079; x_wconf 88' lang='lat' dir='ltr'>absque</span> <span class='ocrx_word' id='word_1_277' title='bbox 1030 3998 1118 4061; x_wconf 89' lang='lat' dir='ltr'>reatu</span> <span class='ocrx_word' id='word_1_278' title='bbox 1139 3996 1188 4061; x_wconf 86' lang='lat' dir='ltr'>vel</span> <span class='ocrx_word' id='word_1_279' title='bbox 1205 3996 1272 4061; x_wconf 86' lang='lat' dir='ltr'>sine</span> <span class='ocrx_word' id='word_1_280' title='bbox 1288 4014 1401 4080; x_wconf 83' lang='lat' dir='ltr'>magno</span> 
     </span>
     <span class='ocr_line' id='line_1_33' title="bbox 158 4094 1400 4184; baseline 0.001 -20"><span class='ocrx_word' id='word_1_281' title='bbox 158 4104 246 4165; x_wconf 89' lang='lat' dir='ltr'>reatu</span> <span class='ocrx_word' id='word_1_282' title='bbox 266 4118 303 4165; x_wconf 91' lang='lat' dir='ltr'>ea</span> <span class='ocrx_word' id='word_1_283' title='bbox 324 4094 429 4165; x_wconf 90' lang='lat' dir='ltr'>duella</span> <span class='ocrx_word' id='word_1_284' title='bbox 450 4097 521 4163; x_wconf 92' lang='lat' dir='ltr'>iniri</span> <span class='ocrx_word' id='word_1_285' title='bbox 545 4117 633 4181; x_wconf 89' lang='lat' dir='ltr'>posse</span> <span class='ocrx_word' id='word_1_286' title='bbox 654 4100 799 4178; x_wconf 91' lang='lat' dir='ltr'>credunt,</span> <span class='ocrx_word' id='word_1_287' title='bbox 825 4120 903 4184; x_wconf 89' lang='lat' dir='ltr'>qnae</span> <span class='ocrx_word' id='word_1_288' title='bbox 927 4119 986 4166; x_wconf 94' lang='lat' dir='ltr'>non</span> <span class='ocrx_word' id='word_1_289' title='bbox 1009 4100 1172 4183; x_wconf 88' lang='lat' dir='ltr'>sperantur</span> <span class='ocrx_word' id='word_1_290' title='bbox 1194 4098 1322 4177; x_wconf 84' lang='lat' dir='ltr'>fatalia,</span> <span class='ocrx_word' id='word_1_291' title='bbox 1346 4118 1400 4165; x_wconf 91' lang='lat' dir='ltr'>eeu</span> 
     </span>
     <span class='ocr_line' id='line_1_34' title="bbox 158 4201 1402 4289; baseline 0 -20"><span class='ocrx_word' id='word_1_292' title='bbox 158 4201 212 4269; x_wconf 90' lang='lat' dir='ltr'>ubi</span> <span class='ocrx_word' id='word_1_293' title='bbox 235 4203 438 4269; x_wconf 87' lang='lat' dir='ltr'>constitutum</span> <span class='ocrx_word' id='word_1_294' title='bbox 462 4204 525 4283; x_wconf 89' lang='lat' dir='ltr'>est,</span> <span class='ocrx_word' id='word_1_295' title='bbox 555 4206 591 4268; x_wconf 93' lang='lat' dir='ltr'>ut</span> <span class='ocrx_word' id='word_1_296' title='bbox 613 4204 717 4287; x_wconf 90' lang='lat' dir='ltr'>aliquo</span> <span class='ocrx_word' id='word_1_297' title='bbox 737 4203 862 4271; x_wconf 87' lang='lat' dir='ltr'>vulnere</span> <span class='ocrx_word' id='word_1_298' title='bbox 885 4203 1003 4270; x_wconf 85' lang='lat' dir='ltr'>inflicto</span> <span class='ocrx_word' id='word_1_299' title='bbox 1024 4206 1079 4270; x_wconf 89' lang='lat' dir='ltr'>ant</span> <span class='ocrx_word' id='word_1_300' title='bbox 1101 4205 1250 4289; x_wconf 83' lang='lat' dir='ltr'>sanguine</span> <span class='ocrx_word' id='word_1_301' title='bbox 1274 4203 1357 4284; x_wconf 85' lang='lat' dir='ltr'>fuso,</span> <span class='ocrx_word' id='word_1_302' title='bbox 1384 4224 1402 4269; x_wconf 93' lang='lat' dir='ltr'>a</span> 
     </span>
     <span class='ocr_line' id='line_1_35' title="bbox 157 4306 1402 4393; baseline 0.002 -20"><span class='ocrx_word' id='word_1_303' title='bbox 157 4306 350 4393; x_wconf 90' lang='lat' dir='ltr'>producendo</span> <span class='ocrx_word' id='word_1_304' title='bbox 372 4307 540 4373; x_wconf 75' lang='lat' dir='ltr'>nodamine</span> <span class='ocrx_word' id='word_1_305' title='bbox 562 4308 762 4374; x_wconf 88' lang='lat' dir='ltr'>abstineatur.</span> <span class='ocrx_word' id='word_1_306' title='bbox 809 4309 908 4375; x_wconf 77' lang='lat' dir='ltr'>Adest</span> <span class='ocrx_word' id='word_1_307' title='bbox 931 4312 1089 4392; x_wconf 87' lang='lat' dir='ltr'>praeterea</span> <span class='ocrx_word' id='word_1_308' title='bbox 1112 4328 1188 4388; x_wconf 88' lang='lat' dir='ltr'>mos,</span> <span class='ocrx_word' id='word_1_309' title='bbox 1217 4310 1253 4373; x_wconf 89' lang='lat' dir='ltr'>nt</span> <span class='ocrx_word' id='word_1_310' title='bbox 1271 4308 1402 4391; x_wconf 84' lang='lat' dir='ltr'>juvenes</span> 
     </span>
     <span class='ocr_line' id='line_1_36' title="bbox 159 4411 1404 4494; baseline -0.001 -16"><span class='ocrx_word' id='word_1_311' title='bbox 159 4414 237 4478; x_wconf 91' lang='lat' dir='ltr'>bene</span> <span class='ocrx_word' id='word_1_312' title='bbox 258 4411 350 4477; x_wconf 87' lang='lat' dir='ltr'>multi</span> <span class='ocrx_word' id='word_1_313' title='bbox 375 4411 549 4478; x_wconf 72' lang='lat' dir='ltr'>academiis</span> <span class='ocrx_word' id='word_1_314' title='bbox 572 4430 626 4479; x_wconf 88' lang='lat' dir='ltr'>eeu</span> <span class='ocrx_word' id='word_1_315' title='bbox 649 4411 829 4480; x_wconf 87' lang='lat' dir='ltr'>Studiorum</span> <span class='ocrx_word' id='word_1_316' title='bbox 852 4413 1113 4480; x_wconf 83' lang='lat' dir='ltr'>Universitetibns</span> <span class='ocrx_word' id='word_1_317' title='bbox 1143 4412 1290 4494; x_wconf 88' lang='lat' dir='ltr'>adscripti</span> <span class='ocrx_word' id='word_1_318' title='bbox 1321 4412 1404 4477; x_wconf 87' lang='lat' dir='ltr'>inter</span> 
     </span>
     <span class='ocr_line' id='line_1_37' title="bbox 158 4514 1402 4601; baseline -0.002 -19"><span class='ocrx_word' id='word_1_319' title='bbox 158 4535 191 4582; x_wconf 89' lang='lat' dir='ltr'>se</span> <span class='ocrx_word' id='word_1_320' title='bbox 218 4536 255 4583; x_wconf 85' lang='lat' dir='ltr'>ex</span> <span class='ocrx_word' id='word_1_321' title='bbox 285 4514 425 4582; x_wconf 82' lang='lat' dir='ltr'>condIcto</span> <span class='ocrx_word' id='word_1_322' title='bbox 455 4517 624 4583; x_wconf 72' lang='lat' dir='ltr'>nodamina</span> <span class='ocrx_word' id='word_1_323' title='bbox 653 4517 776 4595; x_wconf 86' lang='lat' dir='ltr'>ineant,</span> <span class='ocrx_word' id='word_1_324' title='bbox 807 4516 1011 4601; x_wconf 88' lang='lat' dir='ltr'>utplurimum</span> <span class='ocrx_word' id='word_1_325' title='bbox 1045 4536 1105 4583; x_wconf 94' lang='lat' dir='ltr'>non</span> <span class='ocrx_word' id='word_1_326' title='bbox 1139 4535 1175 4582; x_wconf 86' lang='lat' dir='ltr'>er</span> <span class='ocrx_word' id='word_1_327' title='bbox 1210 4516 1257 4579; x_wconf 90' lang='lat' dir='ltr'>ira</span> <span class='ocrx_word' id='word_1_328' title='bbox 1284 4514 1331 4581; x_wconf 87' lang='lat' dir='ltr'>sel</span> <span class='ocrx_word' id='word_1_329' title='bbox 1362 4517 1402 4582; x_wconf 88' lang='lat' dir='ltr'>ad</span> 
     </span>
    </p>
   </div>
   <div class='ocr_carea' id='block_1_9' title="bbox 159 4618 1404 4787">
    <p class='ocr_par' dir='ltr' id='par_1_9' title="bbox 159 4618 1404 4787">
     <span class='ocr_line' id='line_1_38' title="bbox 159 4618 1404 4785; baseline -0.002 -97"><span class='ocrx_word' id='word_1_330' title='bbox 159 4619 308 4689; x_wconf 88' lang='lat' dir='ltr'>ultionem</span> <span class='ocrx_word' id='word_1_331' title='bbox 332 4620 561 4708; x_wconf 87' lang='lat' dir='ltr'>capessendam,</span> <span class='ocrx_word' id='word_1_332' title='bbox 584 4621 638 4689; x_wconf 85' lang='lat' dir='ltr'>aed</span> <span class='ocrx_word' id='word_1_333' title='bbox 662 4622 821 4705; x_wconf 81' lang='lat' dir='ltr'>voluptate</span> <span class='ocrx_word' id='word_1_334' title='bbox 841 4619 1034 4705; x_wconf 81' lang='lat' dir='ltr'>digladiandi</span> <span class='ocrx_word' id='word_1_335' title='bbox 1055 4621 1158 4698; x_wconf 88' lang='lat' dir='ltr'>ducti;</span> <span class='ocrx_word' id='word_1_336' title='bbox 1180 4618 1296 4785; x_wconf 69' lang='lat' dir='ltr'>qna3in</span> <span class='ocrx_word' id='word_1_337' title='bbox 1316 4619 1404 4686; x_wconf 88' lang='lat' dir='ltr'>reiis</span> 
     </span>
     <span class='ocr_line' id='line_1_39' title="bbox 1254 4724 1300 4787; baseline 0 -23"><span class='ocrx_word' id='word_1_338' title='bbox 1254 4724 1275 4787; x_wconf 80' lang='lat'>0</span> <span class='ocrx_word' id='word_1_339' title='bbox 1283 4724 1300 4764; x_wconf 79' lang='grc'>*</span> 
     </span>
    </p>
   </div>
   <div class='ocr_carea' id='block_1_10' title="bbox 0 0 1662 4917">
    <p class='ocr_par' dir='ltr' id='par_1_10' title="bbox 0 0 1662 4917">
     <span class='ocr_line' id='line_1_40' title="bbox 0 0 1662 4917; baseline 0 0"><span class='ocrx_word' id='word_1_340' title='bbox 0 0 1662 4917; x_wconf 95' lang='lat' dir='ltr'> </span> 
     </span>
    </p>
   </div>
  </div>
 </body>
</html>
