3275 4917
201 244 399 303 Commcalur
411 262 452 301 aa
465 245 498 302 Ρ.
511 245 534 300 l.
545 246 598 302 des
615 242 702 301 θεον.
716 246 775 301 mit
785 244 843 301 der
860 244 948 301 Vorr.
962 246 1158 318 antiquitate
1173 250 1203 302 et
1213 252 1305 317 temp.
1367 229 1409 296 75

167 420 248 506 quod
270 437 323 505 pro
347 418 462 486 inlecto
485 418 620 485 hahetur
641 420 790 504 quantum
815 418 854 484 ad
874 420 940 499 ius,
968 437 1028 483 non
1050 421 1199 503 quantum
1221 420 1259 487 ad
1280 421 1409 486 iactum.

165 525 225 593 Sed
247 524 413 610 opponitur
433 522 470 589 de
492 523 665 601 adulteriis,
689 522 878 603 homicidiis,
902 523 995 588 furtis
1017 526 1049 590 et
1072 523 1264 591 huiusmodi:
1288 544 1361 610 que,
1382 526 1409 591 si

165 630 253 710 liunt,
277 629 386 695 eontra
407 627 508 715 legem
532 627 611 693 finnt
634 646 689 692 neo
711 628 816 693 tamen
843 647 896 711 pro
919 626 1025 692 inutili
1052 629 1085 693 et
1111 627 1224 693 iniecto
1247 629 1408 696 habentur.

169 734 297 801 &mum
320 732 401 799 enim
416 731 597 816 quandoque
614 731 692 797 utile
711 733 759 797 est
777 732 915 810 facienti,
937 731 1118 817 quandoque
1137 732 1175 812 ei,
1199 733 1249 798 eni
1265 733 1311 815 iit,
1334 734 1408 799 dum

165 840 198 905 iu
228 836 358 923 duplum
391 836 438 903 vel
472 836 505 902 iu
534 835 740 920 quadruplum
771 836 800 902 ei
828 835 1013 902 restituitur.
1056 836 1267 903 Homicidium
1289 857 1409 922 quoque

163 944 229 1009 sive
252 941 439 1009 adulterium
462 940 535 1005 dum
564 940 611 1019 fit,
634 960 693 1006 uon
718 940 850 1007 babetur
873 960 927 1024 pro
949 940 1080 1020 iniecto;
1102 942 1238 1026 alioquin
1260 941 1410 1008 iacientes

165 1066 226 1113 non
248 1046 352 1113 essent
371 1044 526 1129 puniendi.
565 1044 613 1110 hd
636 1044 694 1111 hoe
716 1045 849 1111 dicimus
873 1044 970 1126 legem
990 1045 1162 1128 predictum
1186 1046 1271 1131 loqui
1295 1046 1333 1113 de
1349 1046 1408 1125 his,

165 1170 225 1237 que
248 1149 427 1217 desiderant
447 1148 589 1215 effaetum
606 1167 696 1215 suum
712 1149 815 1215 sortiri
834 1148 871 1215 de
887 1148 963 1227 iure,
983 1151 1019 1215 ut
1035 1149 1277 1231 matrimonium,
1294 1149 1409 1235 emptio

164 1258 196 1322 et
217 1254 365 1321 venditio.
396 1253 580 1320 Ostenditur
601 1252 683 1319 enim
707 1252 740 1318 in
754 1253 820 1319 iure
834 1254 899 1320 sive
915 1254 993 1338 lego,
1011 1254 1162 1338 quomodo
1178 1256 1408 1321 matrimonium

164 1360 225 1426 rite
248 1358 389 1427 metrobi
411 1356 539 1434 debeat,
569 1356 720 1441 quomodo
749 1357 865 1441 emptio
887 1362 919 1425 et
942 1358 1092 1437 venditio,
1117 1361 1149 1426 et
1169 1379 1188 1425 a
1210 1359 1322 1443 quibus
1342 1360 1408 1425 lieri

168 1464 320 1531 habeant:
350 1481 424 1547 ergo
444 1462 501 1528 hec
520 1461 697 1527 desiderant
718 1462 822 1529 sortiri
844 1462 987 1529 edoctum
1012 1482 1048 1529 ex
1069 1464 1148 1549 lege.
1192 1462 1253 1529 Sed
1275 1463 1409 1529 obicitur

164 1568 281 1646 adhuc,
303 1566 376 1652 quia
398 1584 457 1631 non
480 1565 603 1631 videtur
624 1566 704 1651 quod
729 1586 783 1652 pro
805 1567 920 1635 intecto
944 1566 1117 1633 habendum
1140 1567 1182 1635 sit
1202 1568 1347 1653 quicquid
1370 1568 1408 1634 eb

164 1673 196 1737 id
219 1672 272 1751 fit,
295 1670 376 1755 qnod
399 1670 507 1737 contra
529 1670 628 1754 legem
654 1672 851 1755 presumitur.
897 1671 978 1754 Quia
1010 1672 1125 1755 aliquis
1152 1671 1258 1738 vendit
1288 1690 1406 1755 posses·

162 1776 280 1843 sionem
305 1775 442 1854 minoris,
465 1774 496 1839 id
519 1776 567 1842 est
586 1776 691 1841 miuus
709 1794 802 1859 quam
827 1775 915 1841 XXV
938 1794 1033 1842 annos
1057 1776 1209 1855 habentis,
1233 1778 1266 1842 et
1289 1776 1345 1842 boc
1360 1777 1409 1841 est

162 1882 272 1948 contra
295 1881 413 1965 legem,
437 1880 638 1959 nontamen,
661 1879 806 1964 quioquid
827 1879 865 1945 ob
888 1878 919 1944 id
943 1879 1125 1963 promissum
1153 1879 1263 1958 fuerit,
1288 1898 1408 1964 semper

162 1986 288 2051 irritum
311 1984 389 2051 crit:
423 1983 496 2069 quia
524 1983 615 2050 hodie
644 1984 723 2049 forte
746 1983 847 2049 minor
869 1987 917 2050 est
938 1983 1027 2049 XXV
1051 1985 1140 2050 aunis
1162 2002 1223 2050 uno
1245 1984 1316 2063 die,
1339 2002 1408 2049 cras

165 2091 226 2157 erit
248 2087 339 2154 XXV
360 2107 508 2155 annorum
531 2090 563 2155 et
584 2090 686 2155 ratum
709 2088 836 2154 babebit
858 2088 938 2173 qnod
962 2088 1053 2155 bodie
1079 2089 1196 2155 tactum
1220 2090 1282 2168 est,
1311 2090 1344 2154 et
1363 2089 1408 2153 sic

164 2194 269 2258 ratum
293 2193 362 2259 erit.
406 2192 463 2259 Vel
485 2192 580 2259 etiam
603 2193 628 2259 si
651 2212 704 2277 per
734 2193 869 2278 quinque
898 2212 993 2261 annos
1023 2194 1176 2274 tacuerit,
1206 2197 1309 2260 ratum
1336 2194 1406 2261 erit.

163 2297 216 2363 Ad
244 2297 303 2365 hec
325 2296 457 2364 dicimus
480 2297 518 2363 de
539 2298 604 2363 illis
627 2297 864 2382 intelligendum
886 2316 971 2377 esse,
1001 2317 1060 2383 que
1091 2297 1204 2365 habent
1227 2299 1406 2383 perpetuam

164 2420 290 2468 causam
314 2401 547 2485 prohibitionis,
577 2404 614 2468 ut
642 2405 691 2468 est
720 2405 898 2469 contractus
926 2402 1116 2469 matrimonii
1146 2422 1216 2470 cum
1246 2422 1349 2470 sorore
1374 2405 1408 2467 et

164 2504 351 2572 huiuamodi
394 2505 604 2572 illudentem
629 2524 687 2571 non
712 2506 804 2573 habet
830 2526 955 2573 canmm
978 2507 1193 2591 prohibitionis
1215 2508 1405 2592 perpetuam,

162 2610 318 2695 quianon
341 2611 389 2677 est
409 2610 616 2695 prohibitum,
648 2610 722 2694 quin
751 2611 793 2677 sit
824 2613 927 2677 ratum
953 2611 1034 2696 qnod
1060 2612 1160 2678 minor
1181 2611 1229 2678 vel
1252 2612 1332 2677 alius
1353 2630 1407 2695 pro

160 2716 231 2799 ipso
252 2715 290 2781 de
313 2716 502 2799 possessione
525 2732 581 2781 sua
602 2715 765 2795 statuerit,
797 2715 857 2781 nisi
888 2715 927 2781 ad
950 2718 1089 2799 tempus,
1116 2715 1237 2782 scilicet
1257 2715 1406 2798 quamdiu

162 2818 258 2887 luerit
289 2817 398 2885 minor.
447 2818 488 2885 llt
520 2818 566 2885 ita
599 2818 679 2903 qnod
716 2820 754 2885 ab
787 2818 879 2885 initio
916 2838 974 2885 non
1002 2819 1101 2886 valuit
1131 2821 1235 2885 tractu
1257 2821 1406 2902 temporis

161 2923 369 2991 convalescit:
391 2924 503 2990 falsum
525 2925 573 2989 est
595 2942 668 3009 ergo
688 2923 768 3008 quod
792 2943 950 3009 nunqnam
972 2924 1177 2991 convalescat.
1208 2922 1268 2990 Sed
1291 2925 1323 2988 et
1345 2923 1407 2988 ista

161 3028 277 3095 solutio
300 3026 424 3094 videtur
446 3027 643 3095 insufficiens.
686 3028 765 3109 Quia
788 3027 901 3113 aliquis
923 3027 1018 3095 habet
1039 3028 1135 3093 liliam
1159 3028 1349 3112 adoptivam,
1373 3031 1406 3093 et

161 3134 271 3199 contra
290 3132 391 3218 legem
413 3134 479 3211 est,
506 3132 533 3197 si
553 3151 622 3198 eam
645 3133 750 3212 ducat,
774 3133 847 3198 dum
871 3135 921 3199 est
942 3132 1008 3198 filia
1029 3133 1096 3198 sius
1119 3132 1280 3216 adoptiva:
1304 3132 1357 3197 sed
1380 3131 1407 3197 si

161 3237 287 3304 desinat
308 3254 375 3305 esse
394 3236 461 3303 tilia
482 3236 549 3304 eius
571 3236 725 3322 adoptiva,
749 3239 852 3323 potest
875 3238 985 3303 ducere
1008 3256 1087 3304 eam.
1132 3237 1210 3305 hece
1231 3236 1317 3304 istud
1339 3256 1407 3303 ms·

159 3342 342 3410 trimoninm
366 3342 540 3409 nonhabet
562 3344 742 3427 perpetuam
766 3361 892 3409 oausam
915 3341 1148 3427 prohibitionis,
1178 3344 1356 3421 ettamen,
1380 3342 1406 3405 si

160 3446 252 3514 modo
274 3448 467 3514 contractum
488 3446 593 3527 inerit,
617 3446 690 3513 dnm
713 3449 763 3513 est
780 3446 845 3514 tilia
861 3447 1016 3531 adoptiva,
1041 3447 1126 3513 nullo
1140 3448 1244 3512 tractu
1259 3446 1407 3529 temporis

160 3549 359 3631 convalescit,
388 3570 544 3635 uunquam
569 3551 683 3635 poterit
703 3570 770 3617 esso
792 3558 908 3619 rotam.
950 3551 1022 3617 ldeo
1044 3550 1219 3617 addendum
1242 3552 1291 3615 est
1314 3549 1406 3615 intel·

159 3654 320 3740 ligendum
343 3674 410 3722 esse
434 3654 471 3722 de
492 3656 559 3736 bis,
590 3674 648 3741 que
680 3655 795 3721 habent
827 3657 1005 3740 perpetuam
1031 3674 1158 3723 causam
1180 3654 1404 3739 prohibitionis,

160 3759 211 3827 vel
234 3778 294 3845 que
314 3760 433 3827 babent
455 3760 494 3825 ab
517 3759 610 3827 inicio
632 3764 752 3844 turpem
777 3779 901 3827 cansam
926 3762 1165 3846 propterquam
1192 3760 1404 3843 probibentur,

159 3866 199 3931 nt
219 3864 451 3932 matrimonium
474 3883 544 3930 enm
567 3864 631 3931 filiu
654 3864 808 3950 adoptiva.
840 3864 900 3931 Sed
923 3865 1026 3931 adhue
1047 3864 1190 3932 obicitur.
1226 3863 1290 3932 lste
1304 3864 1405 3931 sciens

159 3968 257 4035 wem
280 3986 346 4035 esse
368 3967 475 4034 vendit
497 3969 590 4035 miehi
614 3990 679 4035 rem
703 3988 823 4034 sacram
848 3968 895 4033 vel
916 3968 1064 4035 distrahit
1087 3967 1181 4033 michi
1204 3987 1268 4032 rem
1284 3985 1405 4034 suoram

159 4110 205 4122 -
227 4074 259 4138 et
281 4078 329 4139 est
352 4074 477 4138 verbum
502 4073 602 4158 legale
626 4112 666 4121 —-
688 4092 745 4159 ogo
769 4075 873 4139 nutem
898 4073 1036 4138 nesciens
1058 4092 1126 4138 emo
1147 4090 1215 4137 eom
1233 4071 1312 4137 bona
1328 4073 1405 4139 tide:

159 4196 230 4243 ecco
253 4176 334 4243 istud
360 4176 396 4243 iit
419 4181 525 4243 contra
545 4176 662 4260 legem,
695 4178 768 4262 quia
795 4178 843 4242 lex
873 4178 1015 4262 probibet
1045 4176 1134 4242 vendi
1167 4176 1217 4243 vel
1247 4176 1309 4242 emi
1339 4196 1404 4243 rem

159 4300 299 4359 sacrem,
330 4284 362 4347 et
385 4281 479 4347 habet
503 4300 629 4349 causam
653 4282 868 4367 prohibitionis
891 4285 1079 4365 perpetuam.
1124 4280 1283 4366 Numquid
1306 4281 1405 4366 igitur

158 4406 213 4471 pro
237 4386 351 4451 inlecto
376 4385 550 4453 habendum
574 4388 642 4465 est,
672 4385 817 4472 quicquid
839 4388 876 4452 ob
901 4385 932 4451 id
957 4387 1073 4452 tactum
1097 4386 1215 4451 fuerit?
1260 4386 1331 4452 Non
1355 4386 1400 4450 vi·

157 4490 268 4568 debir,
299 4490 373 4575 qnia
404 4509 462 4556 non
486 4494 589 4573 potest
610 4492 664 4557 illo
686 4512 705 4559 a
727 4510 775 4557 me
798 4490 953 4575 requirere
976 4510 1040 4557 rem
1064 4489 1231 4556 venditam.
1277 4489 1325 4554 Ad
1347 4488 1405 4554 hoo

156 4594 335 4676 dicendum,
355 4596 428 4681 quia
451 4614 505 4681 pro
529 4596 642 4663 inlecto
667 4596 842 4664 babendum
864 4599 911 4662 est
933 4597 1083 4680 quantum
1107 4594 1146 4660 ad
1166 4613 1230 4659 rom
1248 4592 1403 4658 venditam
