3275 4917
412 258 555 327 spector
574 259 758 313 dioecesana
778 256 1015 327 Arpenttnersats
1033 272 1061 310 a.
1082 256 1165 311 1894.
1348 238 1412 303 445

272 428 349 499 100.
385 430 602 513 Unusquisque
631 430 734 510 pastor
764 428 939 493 animarum
969 428 1104 494 cilicium
1134 447 1223 493 suurn
1253 447 1319 493 esse
1348 429 1411 495 exi·

168 536 276 601 stimet
298 553 394 600 norae
418 533 550 599 militiae
572 551 678 597 sacrae
700 532 932 597 institutionum
961 551 1014 616 pro
1046 532 1162 597 viribus
1187 532 1305 610 lovere;
1335 552 1412 617 qua·

169 641 292 723 propter
319 657 426 723 pueros
458 636 621 721 parochiae
651 655 743 714 suae,
771 636 823 720 qui
853 636 891 701 ad
922 638 1039 701 statum
1071 636 1244 702 clericalem
1269 636 1412 701 ridentur

169 744 269 809 vocati
290 761 365 817 esse,
389 742 517 825 speciali
540 741 712 806 attentione
736 742 948 823 prosequatur.

272 846 343 916 107.
367 846 496 912 Talibus
520 845 622 929 pneris
646 846 683 908 ad
708 849 826 909 statum
849 844 1070 910 sacerdotalem
1091 844 1248 926 aperiatur
1265 845 1324 924 ria,
1348 844 1411 928 qni,

167 970 292 1035 corpore
312 953 389 1017 satis
412 952 496 1027 sani,
526 952 592 1015 tarn
626 949 740 1032 pietate
763 952 795 1013 et
818 949 993 1014 innocentia
1016 968 1107 1032 quarn
1132 948 1340 1014 industriosi
1363 950 1410 1013 iu·

168 1056 259 1139 genio
282 1057 452 1139 praestant.

271 1157 347 1230 108.
375 1160 468 1224 Hisce
491 1160 592 1243 pueris
615 1159 714 1224 clerus
739 1158 923 1241 parochialis
945 1158 1079 1223 libenter
1099 1176 1164 1221 sese
1188 1157 1330 1222 exhibeat
1351 1157 1408 1223 ad-

165 1264 299 1347 jutorem
324 1267 355 1330 et
381 1268 625 1348 praeceptorem,
649 1267 685 1329 ut
708 1265 754 1327 ita
776 1263 954 1329 abbreviato
976 1260 1113 1327 discendi
1137 1264 1273 1345 ternpore
1297 1261 1408 1327 educa

168 1367 261 1433 tionis
283 1387 431 1452 expensae
455 1368 636 1452 parentibus
661 1369 849 1432 minuantur.

272 1471 346 1542 109.
383 1474 425 1539 Ut
456 1474 577 1556 privata
607 1473 684 1537 haec
711 1471 869 1537 institutio
899 1470 1017 1536 animos
1050 1489 1211 1554 puerorum
1240 1469 1279 1535 ad
1306 1471 1410 1537 studia

167 1577 335 1660 posteriora
358 1576 534 1642 litterarum
557 1576 725 1641 efficaciter
745 1577 925 1659 praeparet,
958 1577 1162 1657 opportunum
1191 1575 1250 1638 erit
1273 1574 1409 1641 ordinem
1483 1644 1489 1658 ,

167 1680 399 1764 disciplinarum
422 1683 516 1763 atque
539 1681 688 1745 rationem
711 1680 857 1757 docendi,
888 1697 967 1762 qnae
997 1677 1028 1742 in
1059 1677 1220 1762 gymnasio
1244 1678 1410 1762 episcopali

166 1784 217 1868 (G.
241 1785 304 1848 230
328 1804 357 1849 n.
381 1784 458 1868 278)
483 1784 603 1860 valent,
637 1802 655 1847 a
683 1784 811 1866 parocho
837 1782 883 1847 vel
909 1781 1021 1846 vicario
1042 1782 1138 1847 etiam
1163 1781 1195 1845 in
1218 1781 1325 1846 schola
1348 1782 1410 1864 pri-

167 1888 239 1953 vata
260 1889 438 1953 constanter
461 1887 628 1953 observari.

248 1990 339 2060 110.
362 1992 463 2057 ittiam
489 1994 558 2074 post
577 1991 722 2057 inchoata
745 1991 860 2066 studia,
882 1991 906 2055 si
931 1990 1075 2055 alumnus
1095 2007 1178 2072 spem
1199 1988 1288 2053 initio
1305 1988 1409 2055 datam

166 2116 226 2161 non
250 2096 396 2179 impleat,
430 2115 489 2161 non
519 2096 663 2161 obstante
685 2098 847 2180 parentum
870 2094 1089 2160 intercessione
1111 2093 1317 2158 iustitutionis
1344 2094 1406 2176 pri·

167 2204 256 2266 ratae
277 2200 369 2266 finem
389 2200 489 2266 facere
513 2200 662 2284 expediet,
683 2202 719 2265 at
734 2200 778 2265 sic
793 2200 920 2265 inutiles
941 2200 1103 2283 parentum
1119 2198 1276 2281 impensae
1293 2216 1408 2264 necnon

166 2306 288 2370 futurae
310 2306 504 2370 alnnruorum
528 2304 722 2388 deceptiones
746 2304 892 2370 vitentur.

269 2406 337 2477 111.
363 2408 520 2475 Feriarum
545 2408 676 2474 maxime
695 2416 833 2492 ternpore
856 2426 961 2474 curam
986 2408 1084 2491 agant
1106 2407 1280 2471 sacerdotes
1302 2405 1409 2489 jureu-

165 2513 244 2579 tutis
266 2511 432 2591 studiosae,
458 2514 629 2598 praeceptis
651 2533 686 2578 ao
710 2512 835 2577 monitis
858 2513 885 2575 ei
910 2510 1026 2593 optime
1047 2510 1219 2578 consulant.
1251 2509 1408 2575 Parocbns

166 2621 270 2682 autem
294 2617 356 2682 illis
379 2618 560 2702 praesertim
580 2617 764 2701 juvenibus,
796 2615 848 2699 qui
877 2614 941 2697 jarn
972 2616 1003 2679 in
1034 2613 1198 2679 seminario
1229 2612 1408 2679 clericorum

166 2724 336 2799 versantur,
362 2725 451 2787 serbo
474 2724 507 2787 et
530 2722 667 2805 exemplo
690 2721 828 2800 assistat,
853 2720 934 2786 ritae
951 2738 1055 2785 eorum
1072 2718 1239 2801 diligenter
1255 2717 1408 2802 invigilet,

163 2825 312 2909 quidquid
343 2827 374 2891 in
407 2826 450 2892 eis
480 2826 633 2910 reperitur
663 2825 835 2892 clericalem
867 2825 986 2890 statum
1009 2822 1159 2888 dedecens
1182 2819 1337 2904 Superiori
1361 2840 1408 2887 se-

164 2930 286 2995 minarii
309 2930 415 2996 sedulo
437 2930 569 3015 aperiat.

401 3104 477 3187 cap.
502 3103 550 3171 11.
587 3103 637 3170 De
657 3105 724 3170 cita
744 3109 773 3169 et
793 3103 953 3170 mostata
975 3102 1168 3169 crannum.

271 3240 342 3310 112.
367 3242 479 3308 Clerici
501 3260 607 3308 ornnes
629 3243 788 3307 tonsuram
812 3240 1043 3308 convenientem
1065 3258 1194 3323 eamque
1211 3238 1407 3321 conspicuam

163 3348 283 3429 gerant.
327 3347 466 3413 Proiecto
489 3365 549 3412 non
571 3350 674 3411 essent
696 3346 784 3430 digni
808 3346 905 3429 regali
929 3344 1118 3423 sacerdotio,
1148 3344 1201 3428 qui
1236 3343 1407 3410 venerando

162 3451 219 3516 boo
241 3452 330 3535 signo
353 3453 579 3518 erubescerent.
610 3451 738 3534 (lapillis
761 3450 884 3518 omnino
904 3448 1074 3532 simplicem
1092 3449 1211 3514 cultum
1228 3445 1406 3511 adhibeant.

162 3554 259 3620 Coma
287 3554 402 3621 ficticia
432 3556 462 3620 in
494 3556 590 3621 missa
611 3555 794 3620 celebranda
818 3554 878 3619 nisi
900 3572 934 3618 ex
958 3552 1107 3637 peculiari
1130 3552 1254 3617 indultu
1277 3552 1407 3634 Aposto-

162 3659 240 3725 licae
263 3657 352 3725 Sedis
373 3660 421 3725 uti
445 3680 504 3726 non
529 3660 613 3725 licet.

264 3762 335 3832 113.
363 3764 449 3830 ›lltsi
472 3764 599 3829 habitus
622 3782 680 3829 uon
703 3762 781 3829 lacit
802 3761 1000 3839 monachum,
1022 3762 1143 3846 oportet
1162 3764 1266 3827 tamon
1282 3759 1408 3826 clericos

162 3869 262 3932 restes
283 3867 404 3951 proprio
427 3871 631 3953 congruentes
653 3867 753 3933 ordini
781 3884 902 3951 sempor
925 3866 1059 3945 deferre,
1093 3867 1128 3930 ut
1160 3884 1212 3947 per
1235 3864 1407 3931 decentiam

147 3971 288 4036 *babitus
313 3972 474 4037 extrinseci
504 3972 697 4038 honestatem
720 3971 919 4036 intrinsecam
944 3970 1138 4037 ostendant«
1188 3968 1298 4055 (Ocno.
1323 3968 1406 4033 Trid.

160 4094 233 4139 sess.
259 4074 343 4155 XIV,
367 4095 433 4161 cap.
457 4076 487 4155 6,
511 4075 549 4141 de
572 4074 709 4161 reform.)
742 4075 939 4141 Auctoritete
959 4072 1057 4159 igitur
1080 4074 1209 4139 Concilii
1231 4072 1409 4139 Tridentini

159 4198 276 4245 necnon
296 4179 367 4245 aliis
390 4179 589 4263 plurimorum
609 4178 816 4245 Conciliornm
840 4178 1008 4245 canonibus
1028 4181 1060 4243 et
1082 4177 1272 4263 Apostolicis
1291 4178 1407 4243 consti·

157 4283 331 4349 talionibus
352 4283 448 4349 innixi
469 4286 526 4350 sub
549 4303 647 4368 poena
665 4284 875 4367 suspensionis
898 4281 1113 4366 praecipimus,
1138 4284 1173 4347 ut
1194 4299 1298 4347 omnes
1314 4279 1409 4364 hujus

158 4387 308 4454 dioecesis
331 4388 435 4454 clerici
456 4392 570 4454 ratem
591 4389 723 4455 talarem
745 4388 864 4453 deterre
886 4386 1006 4452 soleant
1032 4384 1130 4473 (Meta
1153 4386 1241 4470 209).

262 4490 339 4557 Ourn
362 4491 509 4577 longioris
529 4492 651 4558 itineris
675 4491 861 4577 suscipiendi
892 4508 985 4556 cansa
1015 4492 1071 4556 aut
1093 4493 1217 4573 propter
1240 4488 1306 4555 rias
1329 4489 1407 4567 luto,

160 4596 276 4676 imbre,
308 4596 430 4662 nivibus
457 4596 623 4681 impeditas
654 4596 838 4663 vestimento
871 4594 1010 4661 breviore
1040 4594 1087 4659 uti
1110 4612 1185 4677 opus
1216 4593 1294 4671 erit,
1328 4591 1407 4657 illud
