<?xml version="1.0" encoding="UTF-8"?>
<!DOCTYPE html PUBLIC "-//W3C//DTD XHTML 1.0 Transitional//EN"
    "http://www.w3.org/TR/xhtml1/DTD/xhtml1-transitional.dtd">
<html xmlns="http://www.w3.org/1999/xhtml" xml:lang="en" lang="en">
 <head>
  <title>
</title>
<meta http-equiv="Content-Type" content="text/html;charset=utf-8" />
  <meta name='ocr-system' content='tesseract 3.04.00' />
  <meta name='ocr-capabilities' content='ocr_page ocr_carea ocr_par ocr_line ocrx_word'/>
</head>
<body>
  <div class='ocr_page' id='page_1' title='image "./archivfrkatholi26jurigoog/archivfrkatholi26jurigoog_0441.png"; bbox 0 0 3275 4917; ppageno 0'>
   <div class='ocr_carea' id='block_1_1' title="bbox 243 258 1246 343">
    <p class='ocr_par' dir='ltr' id='par_1_1' title="bbox 243 258 1246 343">
     <span class='ocr_line' id='line_1_1' title="bbox 243 258 1246 343; baseline 0.006 -22"><span class='ocrx_word' id='word_1_1' title='bbox 243 258 309 322; x_wconf 76' lang='grc'>436</span> <span class='ocrx_word' id='word_1_2' title='bbox 490 272 632 341; x_wconf 79' lang='lat' dir='ltr'>Spaudaa</span> <span class='ocrx_word' id='word_1_3' title='bbox 652 273 838 328; x_wconf 80' lang='lat' dir='ltr'>dioecesana</span> <span class='ocrx_word' id='word_1_4' title='bbox 859 272 1246 343; x_wconf 73' lang='grc'>11901111011111.1894.</span> 
     </span>
    </p>
   </div>
   <div class='ocr_carea' id='block_1_2' title="bbox 241 440 1488 2507">
    <p class='ocr_par' dir='ltr' id='par_1_2' title="bbox 243 440 1487 635">
     <span class='ocr_line' id='line_1_2' title="bbox 243 440 1487 527; baseline -0.003 -16"><span class='ocrx_word' id='word_1_5' title='bbox 243 465 423 512; x_wconf 89' lang='lat' dir='ltr'>coronarum</span> <span class='ocrx_word' id='word_1_6' title='bbox 442 444 629 527; x_wconf 88' lang='lat' dir='ltr'>imponatur,</span> <span class='ocrx_word' id='word_1_7' title='bbox 653 443 756 523; x_wconf 91' lang='lat' dir='ltr'>immo,</span> <span class='ocrx_word' id='word_1_8' title='bbox 780 444 932 527; x_wconf 89' lang='lat' dir='ltr'>quantum</span> <span class='ocrx_word' id='word_1_9' title='bbox 952 442 1015 507; x_wconf 85' lang='lat' dir='ltr'>fieri</span> <span class='ocrx_word' id='word_1_10' title='bbox 1033 445 1144 526; x_wconf 88' lang='lat' dir='ltr'>potest,</span> <span class='ocrx_word' id='word_1_11' title='bbox 1167 442 1302 527; x_wconf 85' lang='lat' dir='ltr'>exceptis</span> <span class='ocrx_word' id='word_1_12' title='bbox 1318 440 1487 507; x_wconf 82' lang='lat' dir='ltr'>infantium</span> 
     </span>
     <span class='ocr_line' id='line_1_3' title="bbox 245 546 1426 635; baseline -0.005 -19"><span class='ocrx_word' id='word_1_13' title='bbox 245 550 460 635; x_wconf 78' lang='lat' dir='ltr'>virginumque</span> <span class='ocrx_word' id='word_1_14' title='bbox 482 548 642 631; x_wconf 82' lang='lat' dir='ltr'>exsequiis,</span> <span class='ocrx_word' id='word_1_15' title='bbox 668 547 743 614; x_wconf 91' lang='lat' dir='ltr'>baec</span> <span class='ocrx_word' id='word_1_16' title='bbox 766 547 956 613; x_wconf 81' lang='lat' dir='ltr'>consuetudo</span> <span class='ocrx_word' id='word_1_17' title='bbox 980 548 1101 630; x_wconf 90' lang='lat' dir='ltr'>penitus</span> <span class='ocrx_word' id='word_1_18' title='bbox 1124 566 1140 613; x_wconf 92' lang='lat' dir='ltr'>e</span> <span class='ocrx_word' id='word_1_19' title='bbox 1164 548 1265 612; x_wconf 91' lang='lat' dir='ltr'>medio</span> <span class='ocrx_word' id='word_1_20' title='bbox 1287 546 1426 611; x_wconf 87' lang='lat' dir='ltr'>tollatur.</span> 
     </span>
    </p>

    <p class='ocr_par' dir='ltr' id='par_1_3' title="bbox 242 650 1488 1467">
     <span class='ocr_line' id='line_1_4' title="bbox 347 650 1488 735; baseline -0.007 -12"><span class='ocrx_word' id='word_1_21' title='bbox 347 654 399 723; x_wconf 91' lang='grc'>61.</span> <span class='ocrx_word' id='word_1_22' title='bbox 430 653 561 719; x_wconf 81' lang='lat' dir='ltr'>Sanctae</span> <span class='ocrx_word' id='word_1_23' title='bbox 592 652 703 718; x_wconf 87' lang='lat' dir='ltr'>Matris</span> <span class='ocrx_word' id='word_1_24' title='bbox 729 652 885 718; x_wconf 78' lang='lat' dir='ltr'>Ecclesiae</span> <span class='ocrx_word' id='word_1_25' title='bbox 909 656 941 715; x_wconf 91' lang='lat' dir='ltr'>et</span> <span class='ocrx_word' id='word_1_26' title='bbox 965 652 1043 717; x_wconf 92' lang='lat' dir='ltr'>votis</span> <span class='ocrx_word' id='word_1_27' title='bbox 1067 656 1099 717; x_wconf 92' lang='lat' dir='ltr'>et</span> <span class='ocrx_word' id='word_1_28' title='bbox 1119 651 1277 719; x_wconf 89' lang='lat' dir='ltr'>mandatis</span> <span class='ocrx_word' id='word_1_29' title='bbox 1305 650 1488 735; x_wconf 89' lang='lat' dir='ltr'>respondere</span> 
     </span>
     <span class='ocr_line' id='line_1_5' title="bbox 243 756 1486 845; baseline -0.006 -19"><span class='ocrx_word' id='word_1_30' title='bbox 243 761 402 845; x_wconf 89' lang='lat' dir='ltr'>cupientes</span> <span class='ocrx_word' id='word_1_31' title='bbox 421 759 628 835; x_wconf 82' lang='lat' dir='ltr'>deceruimus,</span> <span class='ocrx_word' id='word_1_32' title='bbox 658 776 694 821; x_wconf 94' lang='lat' dir='ltr'>ne</span> <span class='ocrx_word' id='word_1_33' title='bbox 717 757 747 821; x_wconf 93' lang='lat' dir='ltr'>in</span> <span class='ocrx_word' id='word_1_34' title='bbox 768 757 869 822; x_wconf 89' lang='grc'>0111010</span> <span class='ocrx_word' id='word_1_35' title='bbox 893 776 946 840; x_wconf 87' lang='lat' dir='ltr'>pro</span> <span class='ocrx_word' id='word_1_36' title='bbox 970 757 1122 823; x_wconf 87' lang='lat' dir='ltr'>deiunctis</span> <span class='ocrx_word' id='word_1_37' title='bbox 1146 759 1284 844; x_wconf 87' lang='lat' dir='ltr'>symbola</span> <span class='ocrx_word' id='word_1_38' title='bbox 1308 756 1432 834; x_wconf 88' lang='lat' dir='ltr'>mortis,</span> <span class='ocrx_word' id='word_1_39' title='bbox 1454 756 1486 819; x_wconf 91' lang='lat' dir='ltr'>id</span> 
     </span>
     <span class='ocr_line' id='line_1_6' title="bbox 244 860 1485 947; baseline -0.004 -17"><span class='ocrx_word' id='word_1_40' title='bbox 244 867 299 941; x_wconf 79' lang='lat' dir='ltr'>est,</span> <span class='ocrx_word' id='word_1_41' title='bbox 327 863 480 947; x_wconf 78' lang='lat' dir='ltr'>imagines</span> <span class='ocrx_word' id='word_1_42' title='bbox 501 861 613 926; x_wconf 92' lang='lat' dir='ltr'>ossium</span> <span class='ocrx_word' id='word_1_43' title='bbox 638 868 670 925; x_wconf 90' lang='lat' dir='ltr'>et</span> <span class='ocrx_word' id='word_1_44' title='bbox 692 862 888 927; x_wconf 85' lang='lat' dir='ltr'>flammarum</span> <span class='ocrx_word' id='word_1_45' title='bbox 913 862 1151 928; x_wconf 87' lang='lat' dir='ltr'>lacrimarumve</span> <span class='ocrx_word' id='word_1_46' title='bbox 1170 863 1281 927; x_wconf 88' lang='lat' dir='ltr'>sivein</span> <span class='ocrx_word' id='word_1_47' title='bbox 1297 862 1364 945; x_wconf 89' lang='lat' dir='ltr'>ipsu</span> <span class='ocrx_word' id='word_1_48' title='bbox 1381 860 1485 937; x_wconf 90' lang='grc'>111111,</span> 
     </span>
     <span class='ocr_line' id='line_1_7' title="bbox 243 965 1486 1047; baseline -0.002 -17"><span class='ocrx_word' id='word_1_49' title='bbox 243 969 308 1033; x_wconf 88' lang='grc'>1110</span> <span class='ocrx_word' id='word_1_50' title='bbox 336 969 368 1032; x_wconf 90' lang='grc'>10</span> <span class='ocrx_word' id='word_1_51' title='bbox 398 966 601 1031; x_wconf 86' lang='lat' dir='ltr'>velaminibus</span> <span class='ocrx_word' id='word_1_52' title='bbox 630 965 728 1029; x_wconf 87' lang='lat' dir='ltr'>altare</span> <span class='ocrx_word' id='word_1_53' title='bbox 759 965 1021 1031; x_wconf 82' lang='lat' dir='ltr'>circumdantibus</span> <span class='ocrx_word' id='word_1_54' title='bbox 1052 967 1264 1033; x_wconf 81' lang='lat' dir='ltr'>exhibeantur.</span> <span class='ocrx_word' id='word_1_55' title='bbox 1311 965 1486 1047; x_wconf 86' lang='lat' dir='ltr'>Conopeum</span> 
     </span>
     <span class='ocr_line' id='line_1_8' title="bbox 242 1068 1488 1153; baseline -0.006 -15"><span class='ocrx_word' id='word_1_56' title='bbox 242 1070 434 1138; x_wconf 89' lang='lat' dir='ltr'>tabernaculi</span> <span class='ocrx_word' id='word_1_57' title='bbox 457 1088 515 1134; x_wconf 94' lang='lat' dir='ltr'>non</span> <span class='ocrx_word' id='word_1_58' title='bbox 540 1069 621 1153; x_wconf 87' lang='lat' dir='ltr'>nigri</span> <span class='ocrx_word' id='word_1_59' title='bbox 644 1069 752 1135; x_wconf 90' lang='lat' dir='ltr'>coloris</span> <span class='ocrx_word' id='word_1_60' title='bbox 775 1088 841 1136; x_wconf 89' lang='lat' dir='ltr'>esse</span> <span class='ocrx_word' id='word_1_61' title='bbox 863 1069 955 1148; x_wconf 90' lang='lat' dir='ltr'>lieet,</span> <span class='ocrx_word' id='word_1_62' title='bbox 978 1071 1031 1135; x_wconf 89' lang='lat' dir='ltr'>sed</span> <span class='ocrx_word' id='word_1_63' title='bbox 1054 1071 1191 1137; x_wconf 90' lang='lat' dir='ltr'>violacei.</span> <span class='ocrx_word' id='word_1_64' title='bbox 1236 1072 1384 1136; x_wconf 80' lang='lat' dir='ltr'>Attamen</span> <span class='ocrx_word' id='word_1_65' title='bbox 1407 1068 1488 1132; x_wconf 82' lang='lat' dir='ltr'>talia</span> 
     </span>
     <span class='ocr_line' id='line_1_9' title="bbox 242 1172 1486 1259; baseline -0.003 -20"><span class='ocrx_word' id='word_1_66' title='bbox 242 1173 399 1259; x_wconf 77' lang='lat' dir='ltr'>symbola,</span> <span class='ocrx_word' id='word_1_67' title='bbox 432 1193 546 1238; x_wconf 89' lang='lat' dir='ltr'>necnon</span> <span class='ocrx_word' id='word_1_68' title='bbox 577 1173 711 1258; x_wconf 83' lang='lat' dir='ltr'>insignia</span> <span class='ocrx_word' id='word_1_69' title='bbox 733 1173 899 1259; x_wconf 79' lang='lat' dir='ltr'>dignitatis</span> <span class='ocrx_word' id='word_1_70' title='bbox 924 1174 970 1241; x_wconf 91' lang='lat' dir='ltr'>vel</span> <span class='ocrx_word' id='word_1_71' title='bbox 993 1175 1178 1241; x_wconf 88' lang='lat' dir='ltr'>conditionis</span> <span class='ocrx_word' id='word_1_72' title='bbox 1201 1174 1337 1239; x_wconf 84' lang='lat' dir='ltr'>defuncti</span> <span class='ocrx_word' id='word_1_73' title='bbox 1369 1172 1435 1257; x_wconf 88' lang='lat' dir='ltr'>(ut,</span> <span class='ocrx_word' id='word_1_74' title='bbox 1458 1173 1486 1235; x_wconf 88' lang='lat' dir='ltr'>si</span> 
     </span>
     <span class='ocr_line' id='line_1_10' title="bbox 243 1276 1487 1363; baseline -0.004 -18"><span class='ocrx_word' id='word_1_75' title='bbox 243 1281 292 1345; x_wconf 92' lang='lat' dir='ltr'>est</span> <span class='ocrx_word' id='word_1_76' title='bbox 313 1276 472 1353; x_wconf 87' lang='lat' dir='ltr'>sacerdus,</span> <span class='ocrx_word' id='word_1_77' title='bbox 503 1278 593 1363; x_wconf 83' lang='lat' dir='ltr'>nigra</span> <span class='ocrx_word' id='word_1_78' title='bbox 623 1296 677 1343; x_wconf 88' lang='lat' dir='ltr'>seu</span> <span class='ocrx_word' id='word_1_79' title='bbox 709 1277 845 1343; x_wconf 87' lang='lat' dir='ltr'>violacea</span> <span class='ocrx_word' id='word_1_80' title='bbox 874 1279 955 1344; x_wconf 90' lang='lat' dir='ltr'>stola</span> <span class='ocrx_word' id='word_1_81' title='bbox 984 1298 1053 1345; x_wconf 89' lang='lat' dir='ltr'>cum</span> <span class='ocrx_word' id='word_1_82' title='bbox 1082 1278 1193 1363; x_wconf 86' lang='lat' dir='ltr'>bireto)</span> <span class='ocrx_word' id='word_1_83' title='bbox 1230 1280 1260 1342; x_wconf 94' lang='grc'>10</span> <span class='ocrx_word' id='word_1_84' title='bbox 1295 1278 1406 1343; x_wconf 86' lang='grc'>1010110</span> <span class='ocrx_word' id='word_1_85' title='bbox 1439 1278 1487 1342; x_wconf 87' lang='grc'>101</span> 
     </span>
     <span class='ocr_line' id='line_1_11' title="bbox 242 1381 832 1467; baseline -0.002 -20"><span class='ocrx_word' id='word_1_86' title='bbox 242 1401 335 1467; x_wconf 83' lang='lat' dir='ltr'>prope</span> <span class='ocrx_word' id='word_1_87' title='bbox 358 1382 505 1447; x_wconf 80' lang='lat' dir='ltr'>feretrum</span> <span class='ocrx_word' id='word_1_88' title='bbox 528 1381 669 1447; x_wconf 87' lang='lat' dir='ltr'>collocari</span> <span class='ocrx_word' id='word_1_89' title='bbox 693 1384 832 1465; x_wconf 86' lang='lat' dir='ltr'>possunt.</span> 
     </span>
    </p>

    <p class='ocr_par' dir='ltr' id='par_1_4' title="bbox 241 1484 1487 2507">
     <span class='ocr_line' id='line_1_12' title="bbox 347 1484 1487 1570; baseline -0.002 -16"><span class='ocrx_word' id='word_1_90' title='bbox 347 1484 403 1554; x_wconf 89' lang='grc'>62.</span> <span class='ocrx_word' id='word_1_91' title='bbox 434 1484 470 1549; x_wconf 89' lang='grc'>10</span> <span class='ocrx_word' id='word_1_92' title='bbox 501 1485 672 1569; x_wconf 90' lang='lat' dir='ltr'>parochiis,</span> <span class='ocrx_word' id='word_1_93' title='bbox 704 1485 756 1549; x_wconf 93' lang='lat' dir='ltr'>ubi</span> <span class='ocrx_word' id='word_1_94' title='bbox 785 1505 864 1550; x_wconf 91' lang='lat' dir='ltr'>unus</span> <span class='ocrx_word' id='word_1_95' title='bbox 893 1486 981 1551; x_wconf 90' lang='lat' dir='ltr'>adest</span> <span class='ocrx_word' id='word_1_96' title='bbox 1001 1488 1161 1563; x_wconf 89' lang='lat' dir='ltr'>sacerdus,</span> <span class='ocrx_word' id='word_1_97' title='bbox 1197 1505 1410 1570; x_wconf 88' lang='lat' dir='ltr'>nonnunquam</span> <span class='ocrx_word' id='word_1_98' title='bbox 1436 1504 1487 1552; x_wconf 93' lang='lat' dir='ltr'>ce·</span> 
     </span>
     <span class='ocr_line' id='line_1_13' title="bbox 242 1589 1485 1674; baseline -0.001 -17"><span class='ocrx_word' id='word_1_99' title='bbox 242 1591 404 1657; x_wconf 90' lang='lat' dir='ltr'>lebrautur</span> <span class='ocrx_word' id='word_1_100' title='bbox 425 1590 585 1674; x_wconf 83' lang='lat' dir='ltr'>exsequiae</span> <span class='ocrx_word' id='word_1_101' title='bbox 608 1589 657 1655; x_wconf 92' lang='lat' dir='ltr'>die</span> <span class='ocrx_word' id='word_1_102' title='bbox 677 1590 831 1656; x_wconf 92' lang='lat' dir='ltr'>dominica</span> <span class='ocrx_word' id='word_1_103' title='bbox 855 1589 902 1655; x_wconf 91' lang='lat' dir='ltr'>vel</span> <span class='ocrx_word' id='word_1_104' title='bbox 925 1590 1038 1656; x_wconf 83' lang='lat' dir='ltr'>festiva</span> <span class='ocrx_word' id='word_1_105' title='bbox 1057 1591 1214 1657; x_wconf 85' lang='lat' dir='ltr'>occasione</span> <span class='ocrx_word' id='word_1_106' title='bbox 1232 1591 1344 1657; x_wconf 88' lang='lat' dir='ltr'>missae</span> <span class='ocrx_word' id='word_1_107' title='bbox 1361 1611 1414 1674; x_wconf 88' lang='lat' dir='ltr'>pro</span> <span class='ocrx_word' id='word_1_108' title='bbox 1430 1610 1485 1674; x_wconf 93' lang='lat' dir='ltr'>po·</span> 
     </span>
     <span class='ocr_line' id='line_1_14' title="bbox 243 1693 1485 1779; baseline 0 -20"><span class='ocrx_word' id='word_1_109' title='bbox 243 1695 331 1778; x_wconf 90' lang='lat' dir='ltr'>pulo;</span> <span class='ocrx_word' id='word_1_110' title='bbox 356 1696 449 1759; x_wconf 90' lang='lat' dir='ltr'>immo</span> <span class='ocrx_word' id='word_1_111' title='bbox 473 1713 543 1758; x_wconf 91' lang='lat' dir='ltr'>vero</span> <span class='ocrx_word' id='word_1_112' title='bbox 567 1694 661 1758; x_wconf 85' lang='lat' dir='ltr'>etiam</span> <span class='ocrx_word' id='word_1_113' title='bbox 685 1693 779 1759; x_wconf 90' lang='lat' dir='ltr'>missa</span> <span class='ocrx_word' id='word_1_114' title='bbox 798 1694 836 1759; x_wconf 92' lang='lat' dir='ltr'>de</span> <span class='ocrx_word' id='word_1_115' title='bbox 862 1694 1007 1779; x_wconf 85' lang='lat' dir='ltr'>ltequiem</span> <span class='ocrx_word' id='word_1_116' title='bbox 1032 1696 1177 1760; x_wconf 88' lang='lat' dir='ltr'>cantetur</span> <span class='ocrx_word' id='word_1_117' title='bbox 1203 1694 1269 1760; x_wconf 93' lang='lat' dir='ltr'>loco</span> <span class='ocrx_word' id='word_1_118' title='bbox 1291 1695 1405 1761; x_wconf 89' lang='lat' dir='ltr'>missae</span> <span class='ocrx_word' id='word_1_119' title='bbox 1429 1714 1485 1778; x_wconf 87' lang='lat' dir='ltr'>pa·</span> 
     </span>
     <span class='ocr_line' id='line_1_15' title="bbox 242 1796 1485 1884; baseline -0.001 -20"><span class='ocrx_word' id='word_1_120' title='bbox 242 1798 396 1865; x_wconf 89' lang='lat' dir='ltr'>rochialis.</span> <span class='ocrx_word' id='word_1_121' title='bbox 438 1796 524 1878; x_wconf 82' lang='lat' dir='ltr'>Quod</span> <span class='ocrx_word' id='word_1_122' title='bbox 554 1797 680 1864; x_wconf 90' lang='lat' dir='ltr'>minime</span> <span class='ocrx_word' id='word_1_123' title='bbox 709 1798 837 1865; x_wconf 89' lang='lat' dir='ltr'>tolerari</span> <span class='ocrx_word' id='word_1_124' title='bbox 871 1801 980 1883; x_wconf 89' lang='lat' dir='ltr'>potest.</span> <span class='ocrx_word' id='word_1_125' title='bbox 1027 1800 1219 1884; x_wconf 85' lang='lat' dir='ltr'>Quapropter</span> <span class='ocrx_word' id='word_1_126' title='bbox 1250 1799 1331 1864; x_wconf 93' lang='lat' dir='ltr'>bunc</span> <span class='ocrx_word' id='word_1_127' title='bbox 1358 1818 1485 1876; x_wconf 90' lang='lat' dir='ltr'>morem,</span> 
     </span>
     <span class='ocr_line' id='line_1_16' title="bbox 242 1903 1486 1988; baseline 0 -21"><span class='ocrx_word' id='word_1_128' title='bbox 242 1922 332 1988; x_wconf 90' lang='lat' dir='ltr'>quem</span> <span class='ocrx_word' id='word_1_129' title='bbox 363 1903 428 1986; x_wconf 87' lang='lat' dir='ltr'>jam</span> <span class='ocrx_word' id='word_1_130' title='bbox 459 1920 538 1966; x_wconf 92' lang='lat' dir='ltr'>unus</span> <span class='ocrx_word' id='word_1_131' title='bbox 566 1920 601 1966; x_wconf 83' lang='lat' dir='ltr'>ex</span> <span class='ocrx_word' id='word_1_132' title='bbox 630 1903 874 1969; x_wconf 84' lang='lat' dir='ltr'>antecessoribus</span> <span class='ocrx_word' id='word_1_133' title='bbox 902 1903 1043 1980; x_wconf 81' lang='lat' dir='ltr'>Nostris,</span> <span class='ocrx_word' id='word_1_134' title='bbox 1076 1906 1111 1967; x_wconf 88' lang='lat' dir='ltr'>ut</span> <span class='ocrx_word' id='word_1_135' title='bbox 1142 1903 1238 1969; x_wconf 90' lang='lat' dir='ltr'>menti</span> <span class='ocrx_word' id='word_1_136' title='bbox 1269 1904 1303 1969; x_wconf 90' lang='grc'>01</span> <span class='ocrx_word' id='word_1_137' title='bbox 1332 1903 1486 1970; x_wconf 86' lang='grc'>1011110111</span> 
     </span>
     <span class='ocr_line' id='line_1_17' title="bbox 244 2005 1485 2091; baseline 0.001 -20"><span class='ocrx_word' id='word_1_138' title='bbox 244 2007 397 2073; x_wconf 81' lang='lat' dir='ltr'>Ecclesiae</span> <span class='ocrx_word' id='word_1_139' title='bbox 420 2005 543 2071; x_wconf 90' lang='lat' dir='ltr'>omnino</span> <span class='ocrx_word' id='word_1_140' title='bbox 566 2009 789 2089; x_wconf 82' lang='lat' dir='ltr'>repugnantem</span> <span class='ocrx_word' id='word_1_141' title='bbox 813 2007 999 2091; x_wconf 89' lang='lat' dir='ltr'>improbavit</span> <span class='ocrx_word' id='word_1_142' title='bbox 1022 2007 1166 2090; x_wconf 85' lang='lat' dir='ltr'>(Monita,</span> <span class='ocrx_word' id='word_1_143' title='bbox 1190 2028 1218 2091; x_wconf 90' lang='lat' dir='ltr'>p.</span> <span class='ocrx_word' id='word_1_144' title='bbox 1243 2006 1337 2089; x_wconf 82' lang='grc'>176),</span> <span class='ocrx_word' id='word_1_145' title='bbox 1365 2010 1396 2071; x_wconf 88' lang='grc'>11</span> <span class='ocrx_word' id='word_1_146' title='bbox 1417 2006 1485 2072; x_wconf 87' lang='lat' dir='ltr'>Nos</span> 
     </span>
     <span class='ocr_line' id='line_1_18' title="bbox 242 2108 1486 2195; baseline 0.001 -21"><span class='ocrx_word' id='word_1_147' title='bbox 242 2111 450 2195; x_wconf 87' lang='lat' dir='ltr'>improbamus</span> <span class='ocrx_word' id='word_1_148' title='bbox 475 2108 716 2193; x_wconf 87' lang='lat' dir='ltr'>mandatumque</span> <span class='ocrx_word' id='word_1_149' title='bbox 740 2112 780 2175; x_wconf 89' lang='lat' dir='ltr'>ab</span> <span class='ocrx_word' id='word_1_150' title='bbox 809 2111 864 2177; x_wconf 89' lang='lat' dir='ltr'>illo</span> <span class='ocrx_word' id='word_1_151' title='bbox 895 2112 1048 2195; x_wconf 90' lang='lat' dir='ltr'>prolatum</span> <span class='ocrx_word' id='word_1_152' title='bbox 1080 2130 1276 2191; x_wconf 89' lang='lat' dir='ltr'>renovamus,</span> <span class='ocrx_word' id='word_1_153' title='bbox 1308 2130 1345 2175; x_wconf 92' lang='lat' dir='ltr'>ue</span> <span class='ocrx_word' id='word_1_154' title='bbox 1375 2110 1486 2177; x_wconf 90' lang='lat' dir='ltr'>diebus</span> 
     </span>
     <span class='ocr_line' id='line_1_19' title="bbox 241 2212 1484 2299; baseline 0 -20"><span class='ocrx_word' id='word_1_155' title='bbox 241 2214 403 2281; x_wconf 87' lang='lat' dir='ltr'>dominicis</span> <span class='ocrx_word' id='word_1_156' title='bbox 427 2213 473 2279; x_wconf 89' lang='lat' dir='ltr'>vel</span> <span class='ocrx_word' id='word_1_157' title='bbox 496 2212 584 2279; x_wconf 88' lang='lat' dir='ltr'>lestis</span> <span class='ocrx_word' id='word_1_158' title='bbox 606 2213 644 2278; x_wconf 90' lang='lat' dir='ltr'>de</span> <span class='ocrx_word' id='word_1_159' title='bbox 668 2218 829 2298; x_wconf 89' lang='lat' dir='ltr'>praecepto</span> <span class='ocrx_word' id='word_1_160' title='bbox 852 2215 945 2279; x_wconf 87' lang='lat' dir='ltr'>misse</span> <span class='ocrx_word' id='word_1_161' title='bbox 976 2215 1162 2299; x_wconf 87' lang='lat' dir='ltr'>parochialis</span> <span class='ocrx_word' id='word_1_162' title='bbox 1193 2216 1366 2280; x_wconf 87' lang='lat' dir='ltr'>celebretur</span> <span class='ocrx_word' id='word_1_163' title='bbox 1396 2233 1484 2299; x_wconf 87' lang='lat' dir='ltr'>prae·</span> 
     </span>
     <span class='ocr_line' id='line_1_20' title="bbox 241 2317 1484 2403; baseline -0.002 -17"><span class='ocrx_word' id='word_1_164' title='bbox 241 2322 328 2386; x_wconf 85' lang='lat' dir='ltr'>sente</span> <span class='ocrx_word' id='word_1_165' title='bbox 347 2336 472 2401; x_wconf 90' lang='lat' dir='ltr'>corpore</span> <span class='ocrx_word' id='word_1_166' title='bbox 494 2317 649 2397; x_wconf 76' lang='lat' dir='ltr'>defuncti,</span> <span class='ocrx_word' id='word_1_167' title='bbox 683 2337 758 2384; x_wconf 90' lang='lat' dir='ltr'>neve</span> <span class='ocrx_word' id='word_1_168' title='bbox 785 2338 920 2403; x_wconf 89' lang='lat' dir='ltr'>uuquam</span> <span class='ocrx_word' id='word_1_169' title='bbox 953 2318 1062 2385; x_wconf 86' lang='lat' dir='ltr'>lectica</span> <span class='ocrx_word' id='word_1_170' title='bbox 1085 2320 1195 2386; x_wconf 87' lang='lat' dir='ltr'>oruata</span> <span class='ocrx_word' id='word_1_171' title='bbox 1219 2319 1338 2385; x_wconf 82' lang='lat' dir='ltr'>lacibus</span> <span class='ocrx_word' id='word_1_172' title='bbox 1359 2339 1412 2384; x_wconf 90' lang='lat' dir='ltr'>seu</span> <span class='ocrx_word' id='word_1_173' title='bbox 1435 2320 1484 2384; x_wconf 92' lang='lat' dir='ltr'>iu·</span> 
     </span>
     <span class='ocr_line' id='line_1_21' title="bbox 241 2420 1078 2507; baseline 0.001 -18"><span class='ocrx_word' id='word_1_174' title='bbox 241 2421 372 2489; x_wconf 84' lang='lat' dir='ltr'>tortitiis</span> <span class='ocrx_word' id='word_1_175' title='bbox 394 2420 433 2487; x_wconf 91' lang='lat' dir='ltr'>ad</span> <span class='ocrx_word' id='word_1_176' title='bbox 458 2421 637 2487; x_wconf 87' lang='lat' dir='ltr'>memoriam</span> <span class='ocrx_word' id='word_1_177' title='bbox 661 2421 876 2488; x_wconf 77' lang='lat' dir='ltr'>defuncturum</span> <span class='ocrx_word' id='word_1_178' title='bbox 900 2426 1078 2507; x_wconf 82' lang='lat' dir='ltr'>exponetur.</span> 
     </span>
    </p>
   </div>
   <div class='ocr_carea' id='block_1_3' title="bbox 241 2568 1483 2761">
    <p class='ocr_par' dir='ltr' id='par_1_5' title="bbox 241 2568 1483 2761">
     <span class='ocr_line' id='line_1_22' title="bbox 241 2568 1483 2656; baseline -0.001 -19"><span class='ocrx_word' id='word_1_179' title='bbox 241 2570 319 2653; x_wconf 81' lang='lat' dir='ltr'>Gap.</span> <span class='ocrx_word' id='word_1_180' title='bbox 340 2570 437 2637; x_wconf 82' lang='lat' dir='ltr'>VIII.</span> <span class='ocrx_word' id='word_1_181' title='bbox 460 2568 512 2635; x_wconf 88' lang='lat' dir='ltr'>De</span> <span class='ocrx_word' id='word_1_182' title='bbox 530 2571 727 2637; x_wconf 80' lang='grc' dir='ltr'>00001010νὶ11.</span> <span class='ocrx_word' id='word_1_183' title='bbox 751 2570 802 2656; x_wconf 83' lang='lat' dir='ltr'>(G.</span> <span class='ocrx_word' id='word_1_184' title='bbox 825 2572 876 2650; x_wconf 82' lang='lat'>24,</span> <span class='ocrx_word' id='word_1_185' title='bbox 900 2571 973 2649; x_wconf 80' lang='lat'>214,</span> <span class='ocrx_word' id='word_1_186' title='bbox 999 2572 1033 2639; x_wconf 85' lang='lat' dir='ltr'>R.</span> <span class='ocrx_word' id='word_1_187' title='bbox 1060 2571 1103 2638; x_wconf 88' lang='lat' dir='ltr'>M.</span> <span class='ocrx_word' id='word_1_188' title='bbox 1130 2572 1140 2636; x_wconf 94' lang='lat' dir='ltr'>l</span> <span class='ocrx_word' id='word_1_189' title='bbox 1170 2572 1483 2651; x_wconf 67' lang='lat' dir='ltr'>resurrecti,</span> 
     </span>
     <span class='ocr_line' id='line_1_23' title="bbox 440 2673 1282 2761; baseline 0.005 -22"><span class='ocrx_word' id='word_1_190' title='bbox 440 2675 511 2752; x_wconf 89' lang='grc'>127,</span> <span class='ocrx_word' id='word_1_191' title='bbox 537 2674 629 2739; x_wconf 86' lang='lat' dir='ltr'>Arch.</span> <span class='ocrx_word' id='word_1_192' title='bbox 653 2675 673 2739; x_wconf 83' lang='lat' dir='ltr'>f.</span> <span class='ocrx_word' id='word_1_193' title='bbox 698 2674 794 2740; x_wconf 86' lang='lat' dir='ltr'>K.·R.</span> <span class='ocrx_word' id='word_1_194' title='bbox 817 2673 861 2744; x_wconf 86' lang='grc'>70</span> <span class='ocrx_word' id='word_1_195' title='bbox 883 2674 914 2741; x_wconf 88' lang='lat' dir='ltr'>S.</span> <span class='ocrx_word' id='word_1_196' title='bbox 936 2676 998 2740; x_wconf 87' lang='lat'>332</span> <span class='ocrx_word' id='word_1_197' title='bbox 1023 2696 1051 2740; x_wconf 91' lang='grc'>0.</span> <span class='ocrx_word' id='word_1_198' title='bbox 1075 2674 1116 2743; x_wconf 87' lang='grc'>72</span> <span class='ocrx_word' id='word_1_199' title='bbox 1140 2674 1168 2741; x_wconf 86' lang='lat' dir='ltr'>S.</span> <span class='ocrx_word' id='word_1_200' title='bbox 1195 2676 1282 2761; x_wconf 87' lang='grc'>510).</span> 
     </span>
    </p>
   </div>
   <div class='ocr_carea' id='block_1_4' title="bbox 236 2802 1483 4229">
    <p class='ocr_par' dir='ltr' id='par_1_6' title="bbox 239 2802 1483 3201">
     <span class='ocr_line' id='line_1_24' title="bbox 343 2802 1480 2888; baseline -0.004 -15"><span class='ocrx_word' id='word_1_201' title='bbox 343 2802 399 2873; x_wconf 74' lang='grc'>63.</span> <span class='ocrx_word' id='word_1_202' title='bbox 431 2804 468 2869; x_wconf 87' lang='grc'>10</span> <span class='ocrx_word' id='word_1_203' title='bbox 496 2822 676 2888; x_wconf 89' lang='lat' dir='ltr'>unoquoque</span> <span class='ocrx_word' id='word_1_204' title='bbox 705 2805 887 2871; x_wconf 88' lang='lat' dir='ltr'>coemeterio</span> <span class='ocrx_word' id='word_1_205' title='bbox 915 2806 1069 2873; x_wconf 88' lang='lat' dir='ltr'>catholico</span> <span class='ocrx_word' id='word_1_206' title='bbox 1100 2807 1180 2872; x_wconf 90' lang='lat' dir='ltr'>locos</span> <span class='ocrx_word' id='word_1_207' title='bbox 1204 2806 1279 2871; x_wconf 88' lang='lat' dir='ltr'>duee</span> <span class='ocrx_word' id='word_1_208' title='bbox 1303 2826 1363 2871; x_wconf 92' lang='lat' dir='ltr'>uon</span> <span class='ocrx_word' id='word_1_209' title='bbox 1386 2806 1480 2871; x_wconf 91' lang='lat' dir='ltr'>bene·</span> 
     </span>
     <span class='ocr_line' id='line_1_25' title="bbox 239 2907 1481 2993; baseline 0.002 -20"><span class='ocrx_word' id='word_1_210' title='bbox 239 2911 338 2975; x_wconf 90' lang='lat' dir='ltr'>dictos</span> <span class='ocrx_word' id='word_1_211' title='bbox 361 2908 400 2992; x_wconf 83' lang='lat' dir='ltr'>(si</span> <span class='ocrx_word' id='word_1_212' title='bbox 423 2907 489 2973; x_wconf 86' lang='lat' dir='ltr'>fieri</span> <span class='ocrx_word' id='word_1_213' title='bbox 513 2908 618 2991; x_wconf 88' lang='lat' dir='ltr'>possit,</span> <span class='ocrx_word' id='word_1_214' title='bbox 642 2908 723 2973; x_wconf 88' lang='lat' dir='ltr'>inter</span> <span class='ocrx_word' id='word_1_215' title='bbox 746 2927 778 2973; x_wconf 92' lang='lat' dir='ltr'>se</span> <span class='ocrx_word' id='word_1_216' title='bbox 802 2908 968 2993; x_wconf 86' lang='lat' dir='ltr'>distantes)</span> <span class='ocrx_word' id='word_1_217' title='bbox 991 2910 1141 2976; x_wconf 89' lang='lat' dir='ltr'>reservari</span> <span class='ocrx_word' id='word_1_218' title='bbox 1163 2911 1302 2993; x_wconf 80' lang='lat' dir='ltr'>oportet:</span> <span class='ocrx_word' id='word_1_219' title='bbox 1327 2910 1358 2993; x_wconf 85' lang='lat' dir='ltr'>a)</span> <span class='ocrx_word' id='word_1_220' title='bbox 1380 2910 1481 2975; x_wconf 86' lang='lat' dir='ltr'>inlan-</span> 
     </span>
     <span class='ocr_line' id='line_1_26' title="bbox 240 3011 1483 3099; baseline 0.002 -20"><span class='ocrx_word' id='word_1_221' title='bbox 240 3015 323 3079; x_wconf 91' lang='lat' dir='ltr'>tibus</span> <span class='ocrx_word' id='word_1_222' title='bbox 353 3015 426 3077; x_wconf 90' lang='lat' dir='ltr'>aute</span> <span class='ocrx_word' id='word_1_223' title='bbox 460 3011 647 3094; x_wconf 89' lang='lat' dir='ltr'>baptismum</span> <span class='ocrx_word' id='word_1_224' title='bbox 681 3013 831 3089; x_wconf 88' lang='lat' dir='ltr'>mortnis;</span> <span class='ocrx_word' id='word_1_225' title='bbox 864 3013 898 3089; x_wconf 84' lang='lat' dir='ltr'>bl</span> <span class='ocrx_word' id='word_1_226' title='bbox 922 3014 976 3095; x_wconf 90' lang='lat' dir='ltr'>iis,</span> <span class='ocrx_word' id='word_1_227' title='bbox 1006 3014 1059 3099; x_wconf 88' lang='lat' dir='ltr'>qui</span> <span class='ocrx_word' id='word_1_228' title='bbox 1089 3014 1249 3099; x_wconf 90' lang='lat' dir='ltr'>sepultura</span> <span class='ocrx_word' id='word_1_229' title='bbox 1271 3014 1483 3081; x_wconf 84' lang='lat' dir='ltr'>ecclesiastice</span> 
     </span>
     <span class='ocr_line' id='line_1_27' title="bbox 239 3114 926 3201; baseline -0.001 -19"><span class='ocrx_word' id='word_1_230' title='bbox 239 3118 401 3201; x_wconf 81' lang='lat' dir='ltr'>privantur</span> <span class='ocrx_word' id='word_1_231' title='bbox 422 3114 546 3198; x_wconf 86' lang='lat' dir='ltr'>(Dalloz</span> <span class='ocrx_word' id='word_1_232' title='bbox 569 3114 665 3179; x_wconf 90' lang='lat' dir='ltr'>metb.</span> <span class='ocrx_word' id='word_1_233' title='bbox 689 3114 762 3179; x_wconf 88' lang='lat' dir='ltr'>XIV</span> <span class='ocrx_word' id='word_1_234' title='bbox 788 3136 816 3199; x_wconf 89' lang='lat' dir='ltr'>p.</span> <span class='ocrx_word' id='word_1_235' title='bbox 840 3116 926 3201; x_wconf 78' lang='lat'>943).</span> 
     </span>
    </p>

    <p class='ocr_par' dir='ltr' id='par_1_7' title="bbox 239 3217 1481 3514">
     <span class='ocr_line' id='line_1_28' title="bbox 344 3217 1481 3301; baseline -0.002 -12"><span class='ocrx_word' id='word_1_236' title='bbox 344 3217 401 3289; x_wconf 80' lang='lat'>64.</span> <span class='ocrx_word' id='word_1_237' title='bbox 430 3220 499 3285; x_wconf 91' lang='lat' dir='ltr'>Nou</span> <span class='ocrx_word' id='word_1_238' title='bbox 529 3218 651 3301; x_wconf 81' lang='lat' dir='ltr'>expedit</span> <span class='ocrx_word' id='word_1_239' title='bbox 680 3220 815 3298; x_wconf 88' lang='lat' dir='ltr'>instare,</span> <span class='ocrx_word' id='word_1_240' title='bbox 848 3223 882 3283; x_wconf 89' lang='lat' dir='ltr'>ut</span> <span class='ocrx_word' id='word_1_241' title='bbox 913 3220 1078 3286; x_wconf 89' lang='lat' dir='ltr'>acatholici</span> <span class='ocrx_word' id='word_1_242' title='bbox 1106 3221 1138 3285; x_wconf 94' lang='lat' dir='ltr'>in</span> <span class='ocrx_word' id='word_1_243' title='bbox 1162 3222 1316 3286; x_wconf 90' lang='lat' dir='ltr'>utrumvis</span> <span class='ocrx_word' id='word_1_244' title='bbox 1338 3241 1373 3286; x_wconf 85' lang='lat' dir='ltr'>ex</span> <span class='ocrx_word' id='word_1_245' title='bbox 1397 3222 1481 3300; x_wconf 91' lang='lat' dir='ltr'>locis,</span> 
     </span>
     <span class='ocr_line' id='line_1_29' title="bbox 240 3322 1481 3411; baseline -0.002 -19"><span class='ocrx_word' id='word_1_246' title='bbox 240 3345 315 3411; x_wconf 89' lang='lat' dir='ltr'>quos</span> <span class='ocrx_word' id='word_1_247' title='bbox 329 3322 579 3408; x_wconf 85' lang='lat' dir='ltr'>supradiximus,</span> <span class='ocrx_word' id='word_1_248' title='bbox 596 3322 801 3406; x_wconf 70' lang='lat' dir='ltr'>repetentum</span> <span class='ocrx_word' id='word_1_249' title='bbox 825 3323 877 3389; x_wconf 91' lang='lat' dir='ltr'>sed</span> <span class='ocrx_word' id='word_1_250' title='bbox 895 3325 996 3406; x_wconf 90' lang='lat' dir='ltr'>potius</span> <span class='ocrx_word' id='word_1_251' title='bbox 1011 3323 1212 3391; x_wconf 87' lang='lat' dir='ltr'>annitendum</span> <span class='ocrx_word' id='word_1_252' title='bbox 1230 3327 1288 3404; x_wconf 90' lang='lat' dir='ltr'>est,</span> <span class='ocrx_word' id='word_1_253' title='bbox 1311 3326 1346 3390; x_wconf 91' lang='lat' dir='ltr'>ut</span> <span class='ocrx_word' id='word_1_254' title='bbox 1359 3326 1481 3404; x_wconf 91' lang='lat' dir='ltr'>tertius,</span> 
     </span>
     <span class='ocr_line' id='line_1_30' title="bbox 239 3427 1001 3514; baseline -0.003 -17"><span class='ocrx_word' id='word_1_255' title='bbox 239 3435 271 3497; x_wconf 97' lang='grc'>01</span> <span class='ocrx_word' id='word_1_256' title='bbox 291 3430 318 3495; x_wconf 89' lang='grc'>11</span> <span class='ocrx_word' id='word_1_257' title='bbox 339 3429 463 3514; x_wconf 86' lang='lat' dir='ltr'>quidem</span> <span class='ocrx_word' id='word_1_258' title='bbox 485 3427 604 3507; x_wconf 81' lang='lat' dir='ltr'>decens,</span> <span class='ocrx_word' id='word_1_259' title='bbox 625 3427 711 3492; x_wconf 92' lang='lat' dir='ltr'>lucus</span> <span class='ocrx_word' id='word_1_260' title='bbox 735 3427 797 3491; x_wconf 90' lang='lat' dir='ltr'>illis</span> <span class='ocrx_word' id='word_1_261' title='bbox 820 3427 1001 3496; x_wconf 83' lang='lat' dir='ltr'>reservetur.</span> 
     </span>
    </p>

    <p class='ocr_par' dir='ltr' id='par_1_8' title="bbox 237 3531 1481 3827">
     <span class='ocr_line' id='line_1_31' title="bbox 342 3531 1480 3617; baseline -0.002 -15"><span class='ocrx_word' id='word_1_262' title='bbox 342 3532 398 3602; x_wconf 82' lang='lat' dir='ltr'>eo.</span> <span class='ocrx_word' id='word_1_263' title='bbox 429 3531 462 3598; x_wconf 88' lang='lat' dir='ltr'>Si</span> <span class='ocrx_word' id='word_1_264' title='bbox 482 3532 647 3609; x_wconf 89' lang='lat' dir='ltr'>acciderit,</span> <span class='ocrx_word' id='word_1_265' title='bbox 671 3534 707 3597; x_wconf 89' lang='lat' dir='ltr'>ut</span> <span class='ocrx_word' id='word_1_266' title='bbox 729 3532 920 3599; x_wconf 86' lang='lat' dir='ltr'>acatholicus</span> <span class='ocrx_word' id='word_1_267' title='bbox 942 3532 1068 3617; x_wconf 89' lang='lat' dir='ltr'>quidam</span> <span class='ocrx_word' id='word_1_268' title='bbox 1091 3534 1258 3599; x_wconf 89' lang='lat' dir='ltr'>interram</span> <span class='ocrx_word' id='word_1_269' title='bbox 1284 3532 1480 3600; x_wconf 88' lang='lat' dir='ltr'>benedictum</span> 
     </span>
     <span class='ocr_line' id='line_1_32' title="bbox 237 3635 1481 3723; baseline -0.001 -19"><span class='ocrx_word' id='word_1_270' title='bbox 237 3639 437 3723; x_wconf 88' lang='lat' dir='ltr'>sepeliretur,</span> <span class='ocrx_word' id='word_1_271' title='bbox 466 3635 617 3719; x_wconf 89' lang='lat' dir='ltr'>parochus</span> <span class='ocrx_word' id='word_1_272' title='bbox 648 3635 757 3700; x_wconf 89' lang='lat' dir='ltr'>statim</span> <span class='ocrx_word' id='word_1_273' title='bbox 787 3636 902 3719; x_wconf 91' lang='lat' dir='ltr'>scripto</span> <span class='ocrx_word' id='word_1_274' title='bbox 931 3637 1182 3703; x_wconf 86' lang='lat' dir='ltr'>intercessionem</span> <span class='ocrx_word' id='word_1_275' title='bbox 1212 3636 1310 3702; x_wconf 82' lang='lat' dir='ltr'>iacere</span> <span class='ocrx_word' id='word_1_276' title='bbox 1341 3637 1481 3719; x_wconf 83' lang='lat' dir='ltr'>(Protesi</span> 
     </span>
     <span class='ocr_line' id='line_1_33' title="bbox 237 3740 1417 3827; baseline -0.003 -17"><span class='ocrx_word' id='word_1_277' title='bbox 237 3740 872 3827; x_wconf 64' lang='grc'>10103001010100011110111001110011</span> <span class='ocrx_word' id='word_1_278' title='bbox 896 3742 934 3807; x_wconf 91' lang='lat' dir='ltr'>ad</span> <span class='ocrx_word' id='word_1_279' title='bbox 959 3742 1142 3826; x_wconf 74' lang='lat' dir='ltr'>Episcopum</span> <span class='ocrx_word' id='word_1_280' title='bbox 1169 3742 1292 3807; x_wconf 89' lang='lat' dir='ltr'>mittere</span> <span class='ocrx_word' id='word_1_281' title='bbox 1315 3743 1417 3807; x_wconf 86' lang='lat' dir='ltr'>debet.</span> 
     </span>
    </p>

    <p class='ocr_par' dir='ltr' id='par_1_9' title="bbox 236 3826 1479 4229">
     <span class='ocr_line' id='line_1_34' title="bbox 340 3826 1479 3930; baseline -0.001 -19"><span class='ocrx_word' id='word_1_282' title='bbox 340 3845 397 3915; x_wconf 82' lang='grc'>66.</span> <span class='ocrx_word' id='word_1_283' title='bbox 423 3844 604 3911; x_wconf 86' lang='lat' dir='ltr'>Coenreterii</span> <span class='ocrx_word' id='word_1_284' title='bbox 629 3844 810 3927; x_wconf 88' lang='lat' dir='ltr'>descriptio,</span> <span class='ocrx_word' id='word_1_285' title='bbox 833 3864 894 3930; x_wconf 91' lang='lat' dir='ltr'>qua</span> <span class='ocrx_word' id='word_1_286' title='bbox 916 3846 975 3912; x_wconf 89' lang='lat' dir='ltr'>loci</span> <span class='ocrx_word' id='word_1_287' title='bbox 997 3826 1149 3913; x_wconf 78' lang='lat' dir='ltr'>reservati</span> <span class='ocrx_word' id='word_1_288' title='bbox 1173 3847 1317 3913; x_wconf 88' lang='lat' dir='ltr'>accurate</span> <span class='ocrx_word' id='word_1_289' title='bbox 1340 3845 1479 3912; x_wconf 90' lang='lat' dir='ltr'>iudicau-</span> 
     </span>
     <span class='ocr_line' id='line_1_35' title="bbox 236 3948 1479 4034; baseline -0.002 -16"><span class='ocrx_word' id='word_1_290' title='bbox 236 3956 298 4030; x_wconf 86' lang='lat' dir='ltr'>tur,</span> <span class='ocrx_word' id='word_1_291' title='bbox 321 3951 440 4017; x_wconf 91' lang='lat' dir='ltr'>duobus</span> <span class='ocrx_word' id='word_1_292' title='bbox 463 3948 688 4033; x_wconf 85' lang='lat' dir='ltr'>exemplaribus</span> <span class='ocrx_word' id='word_1_293' title='bbox 710 3948 899 4015; x_wconf 87' lang='lat' dir='ltr'>conficienda</span> <span class='ocrx_word' id='word_1_294' title='bbox 922 3952 979 4029; x_wconf 87' lang='lat' dir='ltr'>est,</span> <span class='ocrx_word' id='word_1_295' title='bbox 1003 3969 1132 4034; x_wconf 86' lang='lat' dir='ltr'>quorum</span> <span class='ocrx_word' id='word_1_296' title='bbox 1157 3950 1289 4016; x_wconf 89' lang='lat' dir='ltr'>alterurn</span> <span class='ocrx_word' id='word_1_297' title='bbox 1306 3950 1338 4016; x_wconf 91' lang='lat' dir='ltr'>in</span> <span class='ocrx_word' id='word_1_298' title='bbox 1354 3950 1479 4015; x_wconf 88' lang='lat' dir='ltr'>archivo</span> 
     </span>
     <span class='ocr_line' id='line_1_36' title="bbox 238 4053 1479 4141; baseline -0.002 -20"><span class='ocrx_word' id='word_1_299' title='bbox 238 4056 400 4141; x_wconf 90' lang='lat' dir='ltr'>parochiae</span> <span class='ocrx_word' id='word_1_300' title='bbox 428 4058 583 4133; x_wconf 89' lang='lat' dir='ltr'>servetur,</span> <span class='ocrx_word' id='word_1_301' title='bbox 615 4053 748 4117; x_wconf 90' lang='lat' dir='ltr'>alterum</span> <span class='ocrx_word' id='word_1_302' title='bbox 779 4055 852 4119; x_wconf 89' lang='lat' dir='ltr'>ante</span> <span class='ocrx_word' id='word_1_303' title='bbox 884 4054 900 4119; x_wconf 95' lang='lat'>1</span> <span class='ocrx_word' id='word_1_304' title='bbox 929 4054 1064 4137; x_wconf 89' lang='lat' dir='ltr'>januarii</span> <span class='ocrx_word' id='word_1_305' title='bbox 1098 4054 1180 4121; x_wconf 83' lang='lat'>1895</span> <span class='ocrx_word' id='word_1_306' title='bbox 1208 4053 1248 4118; x_wconf 89' lang='lat' dir='ltr'>ad</span> <span class='ocrx_word' id='word_1_307' title='bbox 1279 4054 1479 4121; x_wconf 85' lang='lat' dir='ltr'>Ordinarium</span> 
     </span>
     <span class='ocr_line' id='line_1_37' title="bbox 238 4161 394 4229; baseline -0.013 0"><span class='ocrx_word' id='word_1_308' title='bbox 238 4161 394 4229; x_wconf 87' lang='lat' dir='ltr'>mittatur.</span> 
     </span>
    </p>
   </div>
   <div class='ocr_carea' id='block_1_5' title="bbox 425 4268 1290 4355">
    <p class='ocr_par' dir='ltr' id='par_1_10' title="bbox 425 4268 1290 4355">
     <span class='ocr_line' id='line_1_38' title="bbox 425 4268 1290 4355; baseline -0.002 -16"><span class='ocrx_word' id='word_1_309' title='bbox 425 4271 503 4354; x_wconf 79' lang='lat' dir='ltr'>cap.</span> <span class='ocrx_word' id='word_1_310' title='bbox 524 4270 591 4340; x_wconf 85' lang='lat' dir='ltr'>IX.</span> <span class='ocrx_word' id='word_1_311' title='bbox 629 4268 679 4336; x_wconf 89' lang='lat' dir='ltr'>De</span> <span class='ocrx_word' id='word_1_312' title='bbox 696 4272 949 4352; x_wconf 79' lang='lat' dir='ltr'>processionibus</span> <span class='ocrx_word' id='word_1_313' title='bbox 970 4270 1022 4355; x_wconf 81' lang='lat' dir='ltr'>(G.</span> <span class='ocrx_word' id='word_1_314' title='bbox 1046 4271 1097 4350; x_wconf 79' lang='lat'>47,</span> <span class='ocrx_word' id='word_1_315' title='bbox 1124 4270 1290 4355; x_wconf 83' lang='grc'>1101145).</span> 
     </span>
    </p>
   </div>
   <div class='ocr_carea' id='block_1_6' title="bbox 235 4399 1479 4695">
    <p class='ocr_par' dir='ltr' id='par_1_11' title="bbox 235 4399 1479 4695">
     <span class='ocr_line' id='line_1_39' title="bbox 339 4399 1479 4485; baseline -0.007 -13"><span class='ocrx_word' id='word_1_316' title='bbox 339 4402 392 4472; x_wconf 89' lang='grc'>67.</span> <span class='ocrx_word' id='word_1_317' title='bbox 416 4402 493 4469; x_wconf 81' lang='lat' dir='ltr'>Cum</span> <span class='ocrx_word' id='word_1_318' title='bbox 514 4400 618 4465; x_wconf 85' lang='lat' dir='ltr'>fideles</span> <span class='ocrx_word' id='word_1_319' title='bbox 640 4400 669 4463; x_wconf 91' lang='lat' dir='ltr'>in</span> <span class='ocrx_word' id='word_1_320' title='bbox 686 4400 929 4483; x_wconf 90' lang='lat' dir='ltr'>processionibus</span> <span class='ocrx_word' id='word_1_321' title='bbox 945 4401 1154 4485; x_wconf 81' lang='lat' dir='ltr'>Rogationem</span> <span class='ocrx_word' id='word_1_322' title='bbox 1172 4400 1333 4467; x_wconf 88' lang='lat' dir='ltr'>ecclesiam</span> <span class='ocrx_word' id='word_1_323' title='bbox 1349 4399 1479 4465; x_wconf 87' lang='lat' dir='ltr'>ulterius</span> 
     </span>
     <span class='ocr_line' id='line_1_40' title="bbox 236 4504 1477 4592; baseline -0.002 -20"><span class='ocrx_word' id='word_1_324' title='bbox 236 4508 398 4592; x_wconf 88' lang='lat' dir='ltr'>parochiae</span> <span class='ocrx_word' id='word_1_325' title='bbox 422 4505 568 4579; x_wconf 87' lang='lat' dir='ltr'>visitant,</span> <span class='ocrx_word' id='word_1_326' title='bbox 598 4504 630 4569; x_wconf 93' lang='lat' dir='ltr'>in</span> <span class='ocrx_word' id='word_1_327' title='bbox 661 4524 721 4588; x_wconf 89' lang='lat' dir='ltr'>qua</span> <span class='ocrx_word' id='word_1_328' title='bbox 754 4504 866 4570; x_wconf 87' lang='lat' dir='ltr'>missae</span> <span class='ocrx_word' id='word_1_329' title='bbox 893 4508 1039 4572; x_wconf 88' lang='lat' dir='ltr'>cantatae</span> <span class='ocrx_word' id='word_1_330' title='bbox 1061 4506 1225 4583; x_wconf 87' lang='lat' dir='ltr'>intersint,</span> <span class='ocrx_word' id='word_1_331' title='bbox 1259 4523 1477 4588; x_wconf 86' lang='lat' dir='ltr'>nonuunquam</span> 
     </span>
     <span class='ocr_line' id='line_1_41' title="bbox 235 4606 1413 4695; baseline -0.001 -22"><span class='ocrx_word' id='word_1_332' title='bbox 235 4610 348 4687; x_wconf 90' lang='lat' dir='ltr'>evenit,</span> <span class='ocrx_word' id='word_1_333' title='bbox 371 4610 407 4672; x_wconf 95' lang='lat' dir='ltr'>ut</span> <span class='ocrx_word' id='word_1_334' title='bbox 426 4607 482 4673; x_wconf 87' lang='lat' dir='ltr'>riri</span> <span class='ocrx_word' id='word_1_335' title='bbox 505 4606 776 4691; x_wconf 87' lang='lat' dir='ltr'>adolescentesque</span> <span class='ocrx_word' id='word_1_336' title='bbox 797 4607 829 4673; x_wconf 92' lang='lat' dir='ltr'>in</span> <span class='ocrx_word' id='word_1_337' title='bbox 852 4610 998 4692; x_wconf 88' lang='lat' dir='ltr'>cauponis</span> <span class='ocrx_word' id='word_1_338' title='bbox 1022 4612 1143 4695; x_wconf 88' lang='lat' dir='ltr'>tempus</span> <span class='ocrx_word' id='word_1_339' title='bbox 1168 4610 1279 4674; x_wconf 86' lang='lat' dir='ltr'>missac</span> <span class='ocrx_word' id='word_1_340' title='bbox 1300 4609 1413 4673; x_wconf 89' lang='lat' dir='ltr'>terant.</span> 
     </span>
    </p>
   </div>
   <div class='ocr_carea' id='block_1_7' title="bbox 0 0 1642 4917">
    <p class='ocr_par' dir='ltr' id='par_1_12' title="bbox 0 0 1642 4917">
     <span class='ocr_line' id='line_1_42' title="bbox 0 0 1642 4917; baseline 0 2"><span class='ocrx_word' id='word_1_341' title='bbox 0 0 1642 4917; x_wconf 95' lang='lat' dir='ltr'> </span> 
     </span>
    </p>
   </div>
  </div>
 </body>
</html>
