3275 4917
262 252 305 317 84
369 269 488 340 Strager,
507 269 654 340 Beitrage
671 286 729 326 aar
753 272 948 341 wardiam
965 274 1021 328 der
1041 271 1402 328 Deererarresrtetremrar.

264 444 329 520 est;
352 441 407 507 sed
430 461 465 506 ex
486 440 692 508 mendositate
715 440 853 506 codicum
874 442 934 507 tuit
954 441 1011 507 heo
1034 441 1220 509 difficultas:
1241 443 1295 510 sod
1317 443 1350 507 in
1365 443 1459 512 Baro.
1476 444 1510 508 et

263 548 294 611 in
318 545 479 612 Cresconio
503 546 559 610 hoo
582 564 647 629 cap.
672 546 703 610 in
727 546 809 611 huno
834 546 958 612 modum
980 547 1213 632 reperitur¹⁴⁹lr
1240 548 1441 615 seeundum.
1466 597 1475 613 .
1500 596 1508 613 .

262 652 337 718 idib.
361 657 417 718 oct.
440 650 593 717 habeatur
616 651 635 716 i.
659 670 686 715 e.
706 649 774 717 XV.
798 650 849 716 die
871 652 985 717 mensis
1007 652 1150 730 octobris,
1174 674 1263 734 quea
1284 654 1510 737 yperbereteos

262 758 488 841 cognominant.
529 756 569 820 In
592 756 673 837 ipsis
695 762 797 821 autem
819 756 962 822 conciliis
984 758 1044 821 ete.
1060 748 1122 836 ⁹⁸⁰).
1167 756 1235 821 Hoe
1266 758 1374 839 ntique
1400 776 1507 823 verum

261 863 309 926 est
331 879 460 943 semper,
484 860 566 942 quod
586 859 656 924 idus
672 860 805 925 ootohria
821 863 894 925 sunt
910 859 948 926 X.
959 863 1014 946 ²⁶¹)
1034 860 1131 926 einsd.
1148 862 1280 927 mensis:
1303 868 1332 927 et
1345 861 1434 927 istud
1448 862 1510 928 bae

260 987 357 1048 rosque
374 964 584 1047 ignorabatur
593 965 659 1046 ²⁶²).

366 1086 413 1151 lld
437 1106 464 1153 o.
488 1086 517 1151 8.
542 1085 580 1150 Ι).
607 1087 645 1150 18
667 1086 745 1152 naoh
767 1088 850 1151 einer
874 1087 1091 1172 llrltuternng‚
1116 1087 1229 1154 welche
1251 1107 1307 1153 aus
1331 1087 1423 1153 Ruhn
1444 1087 1507 1152 und

261 1190 399 1275 Stephon
424 1189 581 1273 compilirt
602 1190 660 1255 ist:
686 1190 741 1255 Vel
764 1192 838 1275 quia
860 1190 899 1255 ad
922 1190 1098 1256 huiusmodi
1115 1192 1214 1276 gratis
1232 1192 1359 1256 dantem
1374 1191 1507 1256 dieitur:

264 1296 345 1361 Deus
360 1297 392 1361 te
407 1294 579 1362 benedicat.
597 1295 685 1375 (Dies
700 1294 768 1379 eine
785 1294 907 1360 weltere
924 1294 1182 1380 Worterlrlbrung
1197 1296 1246 1361 lin
1262 1294 1445 1381 eulogium).
1467 1296 1510 1361 ht

260 1399 364 1465 differt
386 1398 543 1483 eulogium
566 1417 585 1463 a
599 1398 810 1464 cathedratico
825 1399 891 1464 sive
905 1398 1054 1477 sinodali;
1076 1399 1325 1465 cathedraticum
1342 1400 1423 1464 enim
1440 1400 1509 1465 sive

260 1504 399 1570 sinodale
421 1522 457 1568 ex
479 1502 583 1567 debito
605 1502 707 1579 datur,
734 1502 811 1566 illud
836 1502 944 1586 gratis.
989 1503 1058 1569 Und
1082 1504 1157 1572 ibid.
1180 1504 1218 1569 ad
1245 1524 1272 1573 ι.
1305 1504 1429 1569 »venire
1452 1504 1509 1569 oh-

261 1608 476 1685 treotabuntr,
506 1606 537 1670 id
569 1606 617 1671 est
639 1606 871 1686 contradicent,
899 1606 972 1672 dum
996 1626 1028 1672 se
1051 1606 1169 1691 aliquid
1196 1608 1323 1675 daturos
1345 1608 1509 1677 estimant.

260 1712 347 1779 Unde
382 1713 411 1776 in
449 1710 593 1777 Remensi
626 1710 754 1776 coneilio
789 1710 882 1795 Hugo
912 1712 1044 1794 primas:
1076 1711 1262 1778 »Pontifices
1288 1713 1385 1791 sacri,
1418 1713 1508 1779 vulto

260 1818 386 1885 venietis
410 1815 516 1883 alseri.
548 1815 641 1881 Ibitis
665 1815 737 1882 hine
756 1817 927 1896 maerim),
951 1817 1045 1881 vestri
1070 1816 1155 1881 venit
1177 1818 1252 1882 hora
1275 1817 1493 1903 neaeram).

259 2035 375 2101 radunt,
391 2052 408 2090 a
426 2033 553 2098 caduceo,
570 2034 649 2103 virga
664 2032 803 2097 Mercurii,
822 2048 874 2101 que
892 2032 920 2087 in
939 2034 1017 2101 parte
1035 2048 1159 2103 suprema
1176 2049 1269 2099 aurea,
1296 2033 1325 2088 in
1343 2033 1398 2089 flue
1416 2035 1508 2105 nigra,

257 2125 380 2190 serpente
398 2138 499 2176 aunem
518 2136 564 2189 per
582 2120 707 2174 medium.
737 2122 796 2173 sed
815 2122 852 2173 de
871 2122 918 2173 bis
935 2121 1021 2173 aiibi.
1046 2117 1185 2187 (Offerebar
1202 2120 1336 2176 ebenialls
1353 2122 1383 2176 in
1401 2124 1509 2177 seluern

258 2209 430 2264 commentar
447 2224 479 2262 ru
499 2207 558 2261 dem
575 2205 622 2261 lib.
641 2206 674 2260 de
692 2203 785 2274 signif.
803 2204 877 2258 verb.
897 2204 990 2275 Vergl.
1006 2205 1084 2260 hieru
1097 2206 1169 2274 Epit.
1189 2207 1268 2262 Pauli
1286 2207 1351 2262 edit.
1363 2208 1411 2263 eit
1423 2226 1452 2277 p.
1463 2210 1508 2273 47,

258 2297 346 2351 Brnns
359 2296 404 2350 eit.
414 2311 440 2362 p.
455 2292 523 2362 178.)
544 2292 586 2347 hd
598 2310 620 2347 o.
638 2292 677 2346 ll.
688 2292 721 2346 D.
736 2291 749 2345 l
765 2306 789 2343 r.
804 2294 849 2345 »et
861 2290 1092 2360 magistratibus«.
1115 2292 1242 2362 Magistri
1255 2292 1392 2358 dicuntur,
1406 2294 1508 2364 quihus

256 2381 380 2452 preripus
407 2397 471 2436 eura
496 2379 629 2434 incumbit
655 2385 684 2434 et
708 2376 755 2447 qui
781 2378 908 2432 maiorem
935 2376 1107 2449 diligentiam
1126 2384 1155 2433 et
1171 2379 1387 2435 sollicitudinem
1405 2381 1509 2437 debent

255 2469 343 2534 rebus,
362 2467 460 2538 quihus
478 2470 595 2535 presunt.
626 2465 692 2520 Inde
711 2464 807 2529 etiam,
832 2463 889 2519 soii.
903 2465 940 2519 ab
958 2463 1008 2519 hoe
1024 2466 1132 2521 nomine
1150 2466 1297 2536 magister,
1322 2483 1372 2535 per
1396 2468 1508 2523 deriva-

256 2556 356 2611 tionem
375 2554 554 2625 msgistrstus
572 2552 707 2616 dicuntur,
726 2549 853 2605 videlieet
870 2550 1048 2620 magistrates
1067 2551 1109 2605 rel
1125 2552 1251 2621 magistri
1269 2552 1402 2609 civitatis.
1444 2555 1507 2609 dda-

255 2641 336 2712 gistri
355 2640 438 2697 etiam
457 2638 584 2693 dicuntur
601 2636 746 2693 cuiuslibet
763 2636 904 2707 disoipline
922 2640 1099 2705 preceptores.
1134 2637 1186 2704 (Oi.
1206 2638 1224 2692 l.
1243 2640 1277 2694 57
1295 2639 1359 2710 Dig.
1378 2640 1413 2695 de
1431 2642 1507 2696 rerb.

255 2728 348 2799 signii.
367 2728 409 2793 50,
428 2726 481 2795 16.)

358 2814 420 2883 249)
438 2812 530 2882 Vergl.
549 2810 592 2867 die
612 2810 683 2866 Note
701 2810 749 2865 der
766 2809 839 2867 corr.
858 2810 935 2863 Boua
960 2808 1004 2864 bei
1026 2808 1087 2864 dem
1106 2809 1148 2865 W.
1172 2810 1326 2866 »desimus«
1350 2814 1405 2868 und
1425 2812 1507 2870 Cres·

252 2903 344 2959 oenias
363 2900 491 2957 Coneerd.
509 2898 648 2956 Othonum
666 2899 711 2954 tit.
727 2900 770 2953 39.
788 2898 885 2969 (Voall.
905 2900 934 2951 et
952 2896 1061 2953 Jnatell
1081 2897 1152 2953 Bibl.
1166 2898 1217 2954 inr.
1230 2900 1352 2955 mnonioi
1365 2904 1419 2956 ret.
1432 2900 1507 2971 App.
1627 2967 1628 2974 ἵ

254 3007 280 3060 h·
299 2988 420 3143 mbffl)
439 3072 490 3127 Die
509 3070 611 3136 Stella,
634 3070 662 3125 in
690 3070 803 3125 welche„
825 3070 983 3126 &monins
1001 3070 1078 3124 ethre
1097 3070 1164 3125 wird
1187 3069 1252 3137 (Sed
1270 3072 1300 3127 in
1316 3074 1390 3130 Bura
1390 3114 1507 3132 .....

254 3162 320 3231 ipsis
337 3158 448 3227 autem),
468 3158 517 3213 hat
535 3156 656 3219 Scholia,
673 3156 770 3211 Gesoh.
789 3156 814 3211 d.
834 3156 922 3222 Qnell.
941 3155 955 3209 1
974 3154 1000 3209 S.
1020 3156 1061 3221 44,
1080 3156 1259 3226 mitgethailt.
1294 3158 1366 3214 Weil
1384 3178 1414 3216 er
1431 3165 1508 3218 stati

255 3262 383 3316 »quemn
403 3260 504 3315 ›quae‹
522 3242 630 3313 gelosen
644 3242 701 3306 hat,
720 3239 818 3311 glanbt
837 3256 866 3295 er
885 3241 1108 3310 ›cognominant‹
1127 3242 1172 3296 in:
1192 3245 1437 3313 »eognominatur«
1457 3253 1508 3304 ἰιι-

254 3334 320 3389 dsrn
337 3349 370 3387 ιι
388 3336 503 3388 mhssen.

357 3420 418 3488 251)
436 3418 513 3476 cod:
529 3417 579 3473 XV
597 3444 630 3455 —
649 3414 768 3470 offenbsr
786 3414 829 3469 ein
844 3413 964 3469 Isrtham
977 3412 1024 3468 des
1036 3413 1207 3481 Sehreibem
1225 3415 1274 3471 der
1289 3419 1434 3476 Vertasrer
1446 3422 1507 3477 will

250 3510 280 3579 ja
299 3506 492 3569 hervorheben‚
510 3504 572 3560 dass
590 3506 662 3558 trote
680 3500 797 3557 slledem
815 3501 890 3555 seine
907 3500 1060 3570 Erilirung
1079 3501 1167 3571 »qnod
1185 3518 1291 3573 semper
1310 3503 1432 3561 dedimus
1444 3508 1507 3563 dies

252 3595 352 3650 mensis
370 3594 398 3648 in
418 3591 509 3647 idihas
527 3593 585 3645 est«
603 3589 681 3644 ihren
701 3587 796 3644 Werth
815 3586 934 3642 behalte.

355 3680 419 3746 752)
438 3678 493 3733 Der
511 3678 598 3731 hutor
615 3675 684 3730 liebt
702 3690 738 3739 es,
758 3675 785 3729 in
804 3674 893 3729 dieser
910 3673 999 3728 Weise
1021 3675 1079 3728 sein
1102 3674 1284 3741 persinliehes
1303 3678 1454 3735 Verdienst
1470 3697 1507 3737 zu

251 3766 382 3829 betonem
401 3763 486 3835 vargl.
504 3763 572 3818 oben
592 3760 619 3815 S.
632 3762 664 3816 51
679 3760 716 3825 ff..
730 3762 771 3816 76.
800 3760 889 3828 (Auoh
906 3758 942 3813 ad
959 3775 980 3813 e
999 3760 1025 3814 9.
1041 3759 1074 3814 D.
1094 3761 1107 3813 l
1126 3763 1191 3830 sagt
1208 3778 1238 3816 er
1255 3790 1290 3802 -
1308 3780 1354 3819 sm
1373 3763 1508 3823 schlam

252 3854 327 3907 einer
348 3851 481 3906 durohsus
509 3849 586 3905 nieht
612 3846 892 3903 hemethenswerthen
919 3845 1091 3915 Exposition:
1120 3847 1195 3903 ’ists
1221 3848 1300 3903 brevi
1323 3850 1508 3909 distinetione

252 3938 410 4007 precognits
427 3937 485 3991 luoe
504 3935 618 3991 olariera
636 3938 700 3989 sunt
718 3950 770 4003 que
788 3934 858 3988 eirea
873 3933 945 3988 huno
961 3934 1048 3987 loonm
1067 3934 1197 3989 haetenrm
1213 3935 1325 3991 inerunt
1337 3937 1507 4006 difficilia«)

253 4024 318 4079 Hier
336 4023 449 4093 glaabte
468 4022 539 4078 wohl
557 4020 605 4076 der
624 4020 763 4075 Veriasser
782 4036 829 4075 nm
846 4036 877 4075 so
893 4020 970 4073 mehr
987 4021 1030 4074 ein
1049 4019 1137 4075 Reoht
1156 4037 1189 4075 ιιι
1207 4021 1310 4087 haben,
1335 4025 1394 4079 sieh
1413 4026 1508 4083 seiher

249 4110 382 4181 Leistung
400 4126 433 4163 ιιι
450 4109 579 4173 rihmen,
605 4107 664 4163 weil
684 4106 714 4174 ja
739 4106 784 4162 die
803 4106 859 4160 ihm
879 4105 1052 4174 vorliegende
1071 4108 1183 4162 Summa
1201 4108 1365 4165 Parisiensis
1384 4111 1419 4166 ad
1435 4130 1459 4168 o.
1476 4116 1506 4169 4.

251 4198 283 4251 D.
304 4196 337 4251 18
353 4196 502 4251 beriohtet:
524 4193 598 4261 »Quo
617 4192 695 4248 modo
713 4192 772 4247 idus
792 4192 830 4247 sit
848 4192 966 4246 dedimus
984 4192 1049 4257 dies,
1069 4192 1179 4248 dubitat
1197 4196 1332 4265 magister
1350 4196 1505 4256 Girsrdur«

250 4283 317 4353 (Der
337 4283 405 4338 Text
422 4282 470 4337 der
489 4281 599 4335 Summa
617 4278 702 4334 Paris.
722 4278 790 4333 nach
809 4276 931 4343 Scheibe,
949 4278 987 4332 11.
1006 4278 1090 4334 Beitr.
1111 4280 1161 4335 ht.
1181 4281 1224 4344 64,
1242 4280 1271 4337 S.
1293 4283 1365 4354 127.)

354 4369 416 4436 258)
434 4366 516 4423 eod:
535 4366 617 4421 matri

253 4503 256 4509 .
353 4454 416 4523 254)
437 4453 563 4509 Offenbar
580 4452 677 4507 wieder
695 4452 754 4506 eine
773 4450 914 4506 hnelrdote
937 4467 985 4505 rur
1005 4452 1188 4525 ldrheiterung
1216 4456 1265 4511 der
1288 4454 1408 4513 Sohlller
1437 4460 1508 4516 oder

225 4596 228 4603 ,
249 4542 342 4606 libret,
360 4542 409 4594 wie
427 4540 518 4594 solehe
534 4538 577 4593 bei
595 4539 646 4595 den
666 4538 790 4609 magistri
809 4539 887 4606 jener
905 4538 964 4593 Zeit
980 4538 1058 4595 nicht
1075 4540 1215 4596 unbelieht
1233 4560 1323 4600 waren
1343 4547 1415 4617 (rgl.
1431 4550 1505 4605 aneh

248 4628 317 4682 oben
335 4628 361 4682 S.
379 4628 423 4691 49,
440 4625 495 4679 Nte
512 4626 590 4693 125„
610 4624 643 4679 ob
662 4624 780 4679 dierolhe
798 4624 926 4693 originali
943 4624 993 4689 ist,
1018 4626 1088 4681 lissi
1105 4628 1163 4682 sioh
1183 4631 1324 4687 nsthrlieh
1343 4634 1424 4689 nieht
1442 4641 1510 4692 ent·
