3275 4917
388 294 532 364 §paudus
551 294 736 350 dtocccaana
756 294 993 365 Argenttncnatc
1012 310 1041 349 a.
1060 293 1145 349 raet.
1323 274 1388 341 435

149 463 226 548 aar.
255 464 311 532 VI.
350 465 401 531 De
422 465 594 533 musarum
615 468 784 550 superbiis
806 472 836 533 ct
858 467 1061 533 celebratione
1084 467 1387 533 anniversariorum.

11 665 19 691 .·
250 593 305 663 bb.
342 595 378 659 In
407 595 586 661 memoriam
619 616 796 663 revocamus
824 596 983 662 decretum
1011 594 1042 662 S.
1067 595 1100 664 G.
1124 594 1253 663 Caecilii
1279 595 1389 681 »vigi-

146 697 225 764 lanti
248 699 389 775 Studio«,
412 718 472 784 quo
494 700 706 767 sacerdotibus
728 720 833 767 serere
856 699 1086 785 praescribitur,
1109 700 1145 765 at
1167 700 1286 780 missas,
1311 720 1389 786 quas

11 860 22 901 ἵ,
145 803 300 868 celebrare
335 823 393 870 nou
430 804 604 888 potuerint,
647 824 784 891 quasque
820 804 1012 890 praescripta
1050 803 1224 889 theologiae
1262 805 1389 871 moralis

11 968 22 1008 Γ.
145 905 263 973 diutius
286 908 412 975 retineri
435 910 553 989 natant,
577 912 705 976 exeunte
728 929 807 976 anno
830 909 870 975 ad
892 908 1091 977 Ordiaarium
1115 909 1254 977 mittant.

249 1010 301 1079 bl.
330 1011 540 1078 Admonemus
565 1032 685 1099 quoque
707 1013 882 1081 sacerdotes
905 1013 942 1078 de
965 1011 1172 1081 decisionibus
1194 1014 1267 1080 anni
1293 1013 1388 1094 1874,

11 1180 15 1218 z
145 1114 269 1181 decreto
292 1115 446 1200 superiore
466 1116 632 1196 renovatis,
654 1117 766 1202 quibua
789 1118 845 1183 suh
873 1136 971 1201 poena
989 1115 1197 1201 suspensionis
1217 1117 1283 1202 ipso
1307 1118 1388 1183 iacto

144 1220 346 1287 incurrendae
367 1220 411 1285 eis
433 1221 639 1303 interdicitur,
664 1242 702 1288 ne
724 1242 817 1308 quam
841 1222 1063 1307 stipendiorum
1089 1224 1219 1307 partem,
1242 1241 1312 1287 eum
1334 1222 1388 1287 alii

11 1337 13 1345 “
145 1324 298 1391 sacerdoti
320 1325 444 1403 dantur,
462 1326 522 1392 sihi
542 1326 591 1393 rel
605 1327 665 1411 piis
680 1328 782 1393 causis
795 1327 953 1393 retineant
968 1345 1042 1394 aere
1059 1345 1164 1391 eoram
1180 1330 1387 1393 mercaturam

10 1495 19 1535 Ξ
144 1448 174 1497 r.
196 1448 243 1515 gr.
266 1448 337 1495 cnm
359 1429 533 1514 bibliopolis
555 1430 673 1498 iaciant
696 1432 747 1515 (R.
770 1431 814 1497 u.
837 1431 854 1497 I
878 1431 962 1517 160).

249 1532 302 1603 bt.
334 1533 449 1599 Missae
476 1534 627 1600 solemnes
658 1535 821 1612 laudatae,
853 1554 930 1620 quae
959 1534 991 1601 iu
1023 1534 1152 1601 ecclesia
1178 1534 1388 1619 parochialia

146 1637 275 1720 parocho
299 1639 354 1703 aut
377 1640 415 1704 ab
439 1638 500 1704 alio
521 1638 680 1706 sacerdote
700 1640 819 1706 cantari
841 1639 1005 1724 nequeunt,
1030 1638 1257 1724 quamprimum
1275 1639 1314 1704 ad
1331 1638 1388 1707 Or-

145 1739 299 1806 dinarium
324 1743 372 1807 rel
395 1743 486 1825 hujus
510 1743 659 1825 permissu
683 1742 723 1809 ad
745 1744 910 1828 quemdam
933 1742 1124 1809 sacerdotem
1140 1741 1288 1809 diaecesis
1303 1744 1388 1810 mitti

145 1841 267 1908 dehent.
302 1845 474 1929 Impensae,
497 1865 575 1930 quae
598 1847 753 1931 pertinent
775 1847 814 1913 ad
831 1846 1033 1927 sacerdotem,
1056 1846 1259 1932 organistam,
1284 1848 1342 1914 etc.
1358 1896 1388 1913 ..

10 1918 18 1957 ²
146 1948 287 2032 integrao
310 1947 475 2015 solvendae
495 1952 577 2018 sant

532 2104 608 2188 (top.
639 2105 714 2174 VII.
749 2104 801 2173 De
820 2105 1001 2189 ecpnlmris

249 2232 305 2302 59.
328 2233 364 2299 Iu
388 2234 572 2317 quibusdam
595 2235 743 2302 dioecesis
763 2236 899 2301 Nostrae
919 2233 1073 2320 parochiis
1089 2236 1202 2303 abhinc
1217 2237 1388 2321 complures

11 2339 12 2377 ³
146 2356 243 2402 annos
271 2338 398 2404 inolevit
423 2339 612 2405 cousuetudo
638 2342 775 2405 mortuos
797 2340 842 2405 ita
865 2339 1049 2423 sepeliendi,
1081 2343 1118 2406 nt
1147 2344 1233 2426 prius
1263 2342 1387 2409 illorum

10 2445 14 2484 ³
145 2460 270 2525 corpora
291 2442 322 2507 in
346 2442 506 2509 ecclesiam
530 2463 588 2510 nou
613 2444 801 2511 deierantur.
848 2444 934 2527 Quae
957 2445 1161 2525 consuetudo,
1184 2447 1216 2513 et
1242 2448 1388 2531 Argenti·

12 2548 16 2586 ='
145 2548 231 2611 aeusi
254 2549 286 2612 et
306 2546 444 2613 Romam
466 2547 573 2614 rituali
595 2548 764 2627 contraria,
787 2566 882 2614 eausa
904 2550 968 2629 est,
991 2567 1046 2614 our
1068 2547 1207 2615 deiuncti
1229 2552 1389 2634 prirentur

146 2650 301 2734 suffragiis
323 2650 490 2715 multorum
513 2652 605 2717 iunus
627 2651 862 2726 comitantium,
895 2652 948 2734 qui
982 2653 1105 2737 propter
1135 2656 1291 2736 peractam
1321 2656 1386 2739 jam

12 2758 14 2799 ἰ
146 2754 337 2837 sepulturam
363 2774 422 2819 nou
454 2754 587 2839 amplius
617 2755 726 2820 aurant
753 2754 790 2819 de
813 2755 924 2834 missa,
954 2774 1032 2839 quae
1063 2757 1169 2840 postea
1196 2758 1227 2822 in
1258 2759 1388 2825 ecclesia

12 2864 15 2903 ³»
146 2856 329 2936 celebratur,
350 2858 512 2924 audienda.
555 2859 720 2923 Praeterea
742 2857 802 2923 hac
824 2857 936 2942 agendi
965 2858 1084 2924 ratione
1107 2860 1258 2927 minuitur
1280 2862 1388 2927 discri-

12 2968 15 3007 ἰ
145 2980 215 3027 men
235 2960 316 3026 iuter
338 2962 578 3029 ecelesiasticam
602 2963 634 3028 et
656 2961 794 3039 ciuilem,
818 2980 911 3045 qnam
932 2960 1058 3041 dicuat,
1078 2963 1278 3047 sepulturam.
1321 2964 1389 3048 Quo

12 3074 15 3115 l
143 3066 197 3145 fit,
227 3068 264 3129 ut
293 3064 464 3132 Christiani
497 3084 557 3132 nan
590 3065 754 3131 admodum
787 3065 941 3132 terrentes
973 3084 992 3131 a
1023 3066 1080 3132 tati
1113 3067 1273 3151 sepultura
1303 3070 1386 3135 cirili

12 3192 13 3218 ι
125 3165 247 3235 'minus
270 3169 466 3250 abhorreant,
490 3172 522 3237 et
544 3170 686 3254 parochie
709 3170 867 3237 adimatur
891 3170 1021 3236 lacultas
1041 3170 1269 3239 ecclesiasticae
1284 3173 1387 3259 sepul·

143 3276 233 3341 turae
266 3273 470 3359 denegatione
504 3274 646 3359 grarima
677 3273 829 3359 quaedam
868 3272 984 3340 delicta
1018 3276 1102 3340 recte
1137 3273 1305 3343 ulciscendi
1340 3278 1388 3344 rel

145 3377 357 3464 praecavendi.

247 3482 367 3564 Quibus
389 3502 425 3547 ex
443 3482 545 3549 causis
566 3481 819 3549 consuetudinem
835 3481 930 3546 istam
946 3480 1069 3547 omniuo
1084 3483 1279 3567 reprobatam
1295 3486 1388 3568 atque

13 3613 14 3620 ¹
145 3587 330 3671 prohibitam
355 3588 384 3651 iu
409 3590 565 3671 posterum
588 3586 818 3653 essevolumus
841 3584 883 3672 (G
909 3584 994 3669 lat).

247 3689 305 3760 ed.
330 3690 453 3756 Pariter
476 3707 513 3757 ac
532 3689 564 3756 iu
587 3690 694 3756 multis
717 3689 788 3755 aliis
807 3688 973 3774 provinciis
996 3688 1078 3773 apud
1096 3708 1149 3755 uos
1166 3688 1299 3755 invaluit
1316 3708 1388 3756 naus

144 3794 366 3860 immoderatus
400 3814 580 3861 coronarum
607 3798 650 3862 et
679 3794 807 3872 florum,
844 3794 956 3878 quibas
993 3794 1140 3860 teretrum
1172 3792 1206 3858 in
1239 3792 1389 3879 exsequiis

144 3898 279 3962 ornetur.
329 3898 487 3980 Quantum
521 3902 625 3965 numm
659 3898 809 3965 dedeceat
841 3897 1003 3977 funebria,
1036 3898 1069 3962 in
1104 3897 1216 3982 quibus
1250 3897 1387 3963 omnium

145 4002 357 4066 creaturarum
381 4002 502 4068 vanitas
522 4004 656 4068 maxime
678 4002 799 4082 elucet,
831 4002 869 4066 ad
897 4002 997 4085 ipsam
1027 4000 1197 4067 vanitatem
1227 4000 1387 4067 celandam

145 4107 238 4189 atque
260 4103 422 4170 terendam
445 4105 632 4189 impendere,
657 4124 745 4170 nemo
767 4107 826 4184 est,
849 4106 902 4189 qui
923 4124 983 4169 non
1001 4103 1114 4170 rideat.
1159 4104 1270 4188 Vergit
1293 4104 1388 4170 etiam

144 4208 219 4275 talis
238 4226 313 4274 usus
332 4208 363 4273 iu
387 4209 610 4276 detrimentum
641 4209 788 4276 detuncti.
842 4208 924 4274 Nam
956 4210 1080 4293 propter
1112 4226 1206 4273 ranas
1233 4208 1307 4273 illas
1338 4225 1390 4273 er-

87 4336 92 4345 ’
145 4332 254 4398 pensas
276 4311 463 4379 emittuntur
482 4332 574 4397 opera
597 4314 647 4398 pia
669 4316 702 4378 et
723 4312 893 4392 sacrificia,
916 4332 995 4398 quae
1016 4332 1071 4397 pro
1092 4312 1197 4378 anima
1219 4312 1250 4377 in
1275 4330 1388 4396 purga·

144 4418 224 4483 torio
246 4415 385 4501 patiente
407 4418 543 4502 alioquin
567 4418 598 4482 iu
622 4437 679 4483 usn
702 4416 803 4501 posita
826 4420 909 4482 sunt.

246 4520 349 4603 Quare
370 4521 573 4605 complurium
593 4521 768 4606 praesulum
781 4520 918 4605 vestigia
933 4523 1095 4606 sequentes
1112 4520 1262 4605 parochos
1277 4519 1388 4585 ditioni

144 4622 277 4691 Nostrae
299 4625 453 4711 subjectos
472 4626 645 4705 hadamar,
670 4626 705 4691 ut
725 4643 777 4708 pro
792 4624 910 4691 uiribus
925 4624 1123 4704 contendant,
1144 4625 1181 4689 ut
1196 4623 1304 4792 mggps
1320 4622 1389 4689 uani

1496 4810 1630 4871 Aa
