3275 4917
396 265 537 335 spondas
555 266 739 322 dioecesana
759 263 995 335 Arpmcrneneis
1013 278 1041 315 a.
1062 260 1146 317 1894.
1333 242 1397 307 425

20 448 24 480 ⁵
150 441 194 507 ad
219 461 331 508 nonum
354 439 478 507 circiter
497 459 630 518 aunum;
654 476 694 487 -
719 440 756 503 2θ
777 436 887 504 classis
910 436 1023 514 media,
1047 435 1086 500 ah
1110 434 1169 501 hac
1184 434 1286 499 aetate
1303 452 1398 517 usque

151 547 194 611 ad
218 566 331 611 anuum
355 544 598 630 praeparationis
618 542 735 627 primae
754 542 995 617 communionis3
1019 574 1063 588 -
1085 541 1120 605 3⁰
1142 538 1275 623 denique
1290 537 1398 603 classis

20 624 24 732 ἶ
151 669 271 728 eorum,
295 650 347 733 qui
370 650 409 715 ad
431 649 561 733 primam
586 646 832 716 communionem
855 646 1067 730 disponuntur.
1101 646 1186 729 Quae
1206 646 1268 709 tres
1283 644 1397 708 classes

151 755 323 837 separatim
346 752 500 819 docendae
524 755 606 818 sunt.

258 854 293 930 4.
329 856 387 923 Ubi
416 856 588 941 complures
617 854 792 921 sacerdotes
815 855 849 919 in
871 852 1016 938 parochia
1038 872 1165 919 munere
1184 852 1396 920 catechizandi

20 981 21 992 ¹
153 962 337 1047 funguutur,
362 962 484 1046 expedit
506 980 615 1045 pueros
637 980 656 1025 a
677 957 798 1044 puellis,
822 960 972 1043 quantum
995 956 1061 1024 heri
1085 959 1196 1042 potest,
1219 957 1366 1040 separari.

259 1066 289 1135 d.
319 1067 396 1133 cum
427 1069 511 1133 certo
539 1066 643 1131 nullus
677 1064 819 1129 sacerdos
849 1064 946 1129 sexies
969 1066 1024 1127 aut
1043 1064 1158 1147 septies
1177 1082 1298 1147 qunque
1322 1062 1397 1127 heb·

19 1156 23 1189 *
154 1171 286 1236 dorcade
316 1171 506 1237 catechizare
536 1169 699 1248 tormidet,
731 1169 950 1234 instructiones
978 1168 1185 1233 catecheticae
1216 1167 1260 1232 sic
1291 1166 1397 1232 distri·

155 1277 302 1354 huantnr,
326 1277 362 1342 ut
380 1278 446 1341 tres
468 1275 545 1340 liant
567 1274 624 1353 iis,
650 1274 702 1358 qni
726 1273 764 1338 ad
790 1272 920 1355 primam
944 1272 1186 1337 communionem
1211 1290 1398 1356 pracparan-

20 1420 22 1453 ;
152 1382 224 1460 tur,
255 1379 333 1446 duae
362 1378 480 1445 mediae
502 1378 613 1458 classi,
645 1377 781 1461 parvulis
811 1378 922 1443 saltem
953 1396 1023 1443 una.
1069 1377 1155 1460 Quae
1179 1376 1398 1441 instructiones

155 1503 261 1551 onrnes
284 1484 321 1550 sd
346 1484 508 1549 minimum
531 1485 595 1548 tres
618 1483 712 1549 horae
730 1481 918 1567 quadrantes
939 1482 1061 1549 durent.

259 1587 292 1658 d.
316 1588 466 1671 Quoniam
487 1587 526 1654 ad
542 1586 674 1671 primam
690 1586 946 1663 communionem,
969 1589 1005 1649 nt
1022 1583 1118 1670 digna
1133 1584 1176 1650 sit
1192 1585 1223 1649 et
1241 1584 1398 1648 fructuosa

155 1694 341 1777 firmumque
372 1692 520 1776 praebeat
543 1690 738 1757 Christianae
768 1689 850 1755 ritae
881 1688 1133 1764 tundamentum,
1164 1688 1398 1753 accuratissima

155 1796 349 1879 praeparatio
383 1794 558 1860 necessaria
588 1795 653 1871 est,
684 1792 881 1859 instructioni
911 1792 1054 1876 praeciae
1084 1792 1122 1856 ad
1150 1792 1280 1874 primam
1314 1811 1397 1857 coru-

156 1900 332 1964 munionem
355 1900 438 1963 omni
461 1897 565 1963 studio
586 1896 826 1963 incumbendum
849 1897 912 1974 est;
944 1894 1110 1979 parochus,
1138 1896 1187 1960 cui
1218 1894 1323 1961 adstat
1351 1896 1397 1961 ri-

155 2003 275 2083 carius,
299 2003 325 2068 si
349 2002 414 2087 ipse
437 2002 619 2067 infirmitate
644 2002 780 2085 longiore
804 2000 875 2065 huic
898 1998 1098 2065 instructioni
1122 2018 1231 2065 uacare
1253 1998 1397 2083 prohihe-

155 2109 216 2185 tur,
241 2126 294 2191 per
314 2108 462 2174 ricarium
484 2107 603 2172 muneri
625 2105 810 2173 satisfaciat.
847 2104 907 2187 Qui
934 2105 972 2171 ad
997 2104 1127 2189 primam
1151 2105 1396 2170 communionem

157 2213 388 2295 praeparantur,
404 2230 523 2296 semper
540 2230 699 2295 perunum
716 2211 829 2276 saltem
844 2230 958 2277 aunum
974 2208 1142 2293 separatim
1158 2208 1260 2275 duceri
1274 2208 1396 2275 dehent.

258 2314 286 2386 7.
311 2316 347 2381 In
363 2316 527 2400 parochiis,
545 2316 596 2380 ubi
612 2318 684 2380 sunt
702 2316 849 2381 ecclesiae
865 2333 998 2381 annexae
1017 2315 1079 2381 sire
1098 2313 1218 2393 filiales,
1236 2334 1395 2379 numerum

20 2481 21 2490 ,
155 2422 393 2487 instructionum
407 2421 678 2497 catecheticarum,
691 2439 782 2505 quem
791 2439 883 2505 supra
892 2420 1105 2498 indicavimus,
1117 2438 1229 2504 augere
1242 2421 1396 2485 convenit.

258 2525 290 2595 8.
320 2525 397 2590 Cum
420 2526 585 2592 instructio
607 2526 814 2604 calendatica,
847 2543 908 2609 qua
933 2525 1143 2591 adolescentes
1166 2528 1234 2607 post
1255 2526 1394 2590 exactam

156 2630 287 2711 primam
321 2629 566 2694 communionem
604 2630 827 2706 instituuntur,
861 2630 983 2713 propter
1010 2628 1147 2710 pericula
1176 2630 1240 2695 tam
1272 2630 1394 2693 illorum

158 2752 255 2797 mores
276 2752 368 2817 quam
392 2733 483 2797 fidem
504 2735 603 2817 ipsam
620 2732 840 2817 oppugnantia,
864 2730 988 2798 maximi
1007 2732 1049 2799 sit
1065 2733 1223 2810 momenti,
1247 2732 1397 2817 parochus

156 2837 200 2902 nil
221 2837 301 2920 apud
317 2838 458 2919 parentes
472 2839 506 2903 et
521 2836 660 2903 dominos
675 2838 863 2903 intentatum
882 2838 1041 2919 relinquet,
1061 2838 1096 2899 ut
1112 2836 1321 2904 adolescentes
1336 2838 1407 2903 sihi

156 2941 309 3025 subjectos
338 2941 570 3007 instructionem
594 2941 813 3007 cateclreticam
840 2940 1022 3027 regulariter
1047 2942 1241 3025 frequentare
1266 2946 1396 3026 cogant:

157 3047 220 3129 ipse
236 3065 305 3111 vero
321 3064 443 3130 operam
459 3047 491 3112 et
503 3046 640 3111 studium
654 3046 791 3124 navahit,
809 3053 845 3111 ut
858 3065 911 3129 per
923 3046 1117 3130 aptissimum
1132 3043 1257 3111 docendi
1272 3046 1395 3113 modum

155 3149 300 3233 juvenum
324 3150 442 3217 animos
465 3150 503 3217 ad
526 3150 732 3218 Christianam
753 3150 923 3217 doctrinam
948 3151 1077 3230 alliciat,
1100 3152 1137 3221 G.
1160 3152 1221 3217 221
1248 3170 1276 3219 u.
1299 3152 1373 3218 282.

258 3253 291 3323 9.
322 3256 354 3319 ln
380 3254 532 3339 parochiis
557 3255 711 3322 nourrullis
735 3256 837 3320 adhuc
860 3274 926 3321 mos
947 3258 995 3322 est
1014 3255 1223 3323 adolescentes
1245 3257 1309 3323 iere
1332 3256 1396 3324 sin-

157 3360 238 3446 gulis
261 3358 368 3425 diebus
392 3359 553 3425 dominicis
577 3358 796 3425 catechizandi.
832 3358 930 3425 Valde
953 3359 984 3425 in
1009 3360 1140 3428 Domino
1165 3359 1334 3440 hortamur,
1358 3363 1395 3428 ut

157 3469 219 3531 tam
242 3464 409 3531 laudabilis
440 3483 511 3529 usus
534 3484 626 3549 quam
651 3464 888 3549 diligentissime
911 3466 1059 3533 serretur.
1106 3465 1256 3531 Omnibus
1281 3468 1395 3546 tamen,

157 3570 267 3653 quibus
292 3571 468 3635 animarum
490 3588 563 3635 cura
586 3570 730 3655 delegata
752 3570 815 3649 est,
846 3568 1028 3634 mandamus
1058 3572 1090 3634 et
1114 3570 1335 3655 praecipimus,
1360 3575 1396 3638 ut

158 3674 266 3739 saltem
291 3675 338 3742 his
360 3676 392 3741 in
412 3694 516 3742 meuse
536 3676 664 3761 juvenes
688 3676 847 3760 utriusque
870 3694 958 3741 serus
982 3679 1046 3743 sive
1062 3674 1249 3759 conjunctim
1266 3678 1330 3742 sire
1347 3696 1394 3741 se·

158 3777 287 3859 paratim
304 3778 443 3845 doctriua
458 3781 630 3847 christiana
646 3780 798 3848 erudiant.
823 3778 898 3846 inde
913 3780 1077 3865 unicuique
1093 3783 1231 3865 apparet,
1247 3780 1394 3867 parochos

158 3882 333 3965 praesertim
351 3882 459 3948 diebus
475 3884 637 3951 dominicis
652 3885 692 3951 ad
705 3884 904 3951 residentiam
921 3884 1075 3968 obligatos
1095 3903 1161 3950 esse
1184 3884 1234 3967 (R.
1253 3882 1293 3951 M.
1311 3886 1394 3965 120,

159 3987 196 4051 85
205 4005 235 4051 u.
246 3986 287 4052 97
291 3989 311 4071 ),
324 3986 516 4071 Quapropter
524 3990 646 4073 expedit
653 3989 733 4055 testo
741 3988 892 4072 patronali
903 3988 1071 4075 (Dice-Bi.
1084 3988 1300 4076 18948344),
1313 3990 1392 4075 quod

158 4088 204 4155 die
215 4090 369 4156 dominica
376 4092 560 4169 celebratur,
574 4112 633 4160 nou
641 4094 744 4178 plures
754 4093 912 4178 parochos,
924 4112 1018 4177 quarn
1031 4113 1154 4161 necesse
1166 4098 1223 4175 est,
1235 4094 1392 4163 interesse.

257 4192 306 4263 lo.
331 4196 495 4262 Variarum
514 4197 715 4264 sodalitatem
738 4198 860 4282 piarum
878 4216 933 4264 seu
954 4196 1242 4265 confraternitatum
1263 4218 1394 4267 couren-

157 4300 205 4362 tns
227 4298 439 4365 instructionis
458 4300 666 4369 catecheticae
687 4303 788 4367 locum
811 4302 953 4386 supplere
976 4305 1140 4387 nequeunt.
1173 4303 1208 4368 lu
1229 4303 1394 4387 parochiis,

156 4402 204 4466 ubi
226 4402 401 4487 thusmcdi
424 4404 607 4472 sodalitates
629 4408 761 4485 exstant,
783 4406 907 4472 curabit
929 4408 1088 4491 parochus,
1113 4410 1149 4472 ut
1170 4408 1279 4472 harum
1308 4426 1394 4473 exer·

156 4506 315 4573 citationes
345 4509 389 4573 ita
411 4508 619 4588 celebrentur,
651 4514 687 4576 ut
713 4512 778 4575 tam
809 4511 980 4578 necessaria
1007 4512 1171 4579 instructio
1201 4512 1391 4578 catectetioe

158 4628 208 4675 uec
230 4612 404 4693 omittatur,
426 4632 481 4680 nec
504 4614 601 4680 ullum
624 4615 844 4681 detrimentum
868 4617 1009 4701 accipiat.
