3275 4917
240 152 305 219 426
482 174 625 245 Sporadas
643 174 829 231 dioecesana
847 173 1082 245 Arpentinensir
1100 190 1129 229 o.
1150 174 1233 231 1891.

344 343 393 417 11.
423 345 470 410 Do
492 345 551 413 hac
571 346 665 412 etiarn
685 345 889 413 instructione
911 345 972 412 dici
995 344 1104 426 dehet,
1133 348 1215 433 qnod
1243 368 1339 433 supra
1371 348 1414 417 de
1443 350 1505 415 in·

240 451 411 520 structione
436 450 553 536 primae
582 451 806 519 communionis
835 450 954 518 dictum
985 452 1050 519 est:
1091 452 1250 519 Parochus
1280 473 1333 538 per
1362 455 1504 539 aliquot

239 557 306 625 dies
327 555 496 623 dominicas
518 555 680 623 continuas
701 555 886 641 impeditus,
909 558 1060 640 quantum
1083 555 1150 623 lieri
1173 559 1292 641 potest,
1321 577 1377 643 per
1400 559 1500 625 rica-

237 664 327 743 rium,
350 660 377 727 si
400 660 495 728 talem
518 661 634 728 lrabeat
654 661 839 746 adjutorem,
863 662 984 727 maneri
1005 662 1218 729 catechizandi
1241 662 1429 731 satisfaciat

338 764 390 836 12.
422 765 557 833 Materia
591 766 683 851 hujus
714 765 929 833 instructionis
963 766 1117 851 imprimis
1150 770 1198 833 est
1229 768 1411 835 methodica
1432 788 1498 835 ca-

236 871 380 938 techismi
410 870 583 938 dioecesani
612 870 772 955 expositio.
827 871 874 937 dd
907 890 1000 956 quarn
1035 872 1164 938 accedat
1197 871 1342 956 prudenti
1374 874 1497 939 tamma

238 976 328 1042 modo
350 974 499 1041 refutatio
521 992 636 1053 eurum,
658 993 737 1060 quae
760 975 890 1042 forsitan
914 977 946 1041 in
966 975 1113 1059 parochia
1129 976 1168 1041 ab
1184 976 1288 1060 impiis
1304 976 1497 1043 hominihus

235 1081 343 1145 contra
366 1079 547 1164 religionem
570 1079 765 1164 objiciantur.
807 1081 920 1146 Breues
942 1098 1061 1165 qnoque
1084 1080 1314 1147 admisceantur
1337 1082 1497 1147 exhorta-

237 1186 350 1263 tiones,
375 1204 489 1251 necnon
512 1184 665 1269 practicae
689 1185 829 1251 notiones
853 1184 889 1251 de
913 1203 992 1250 anno
1015 1184 1225 1251 ecclesiastico
1248 1186 1495 1270 praecipuisque

237 1289 268 1354 in
292 1308 327 1356 eo
349 1290 564 1356 occurentibus
587 1289 683 1356 festis.
735 1289 874 1375 Denique
906 1288 1061 1355 hodiernis
1093 1290 1177 1355 hisce
1207 1291 1402 1373 temporibus
1434 1311 1494 1357 ex·

238 1393 340 1478 pedit,
362 1394 451 1459 utin
475 1394 694 1460 catechizando
719 1394 840 1478 magis,
866 1412 958 1477 quam
982 1393 1159 1478 hucusque
1182 1394 1412 1476 dementabat,
1439 1396 1493 1461 hi·

237 1498 351 1565 storiae
374 1498 532 1565 Ecclesiae
555 1499 635 1564 ratio
658 1498 818 1565 habeatur.

341 1601 506 1670 (tentiones
535 1604 694 1687 quaelihet
722 1602 760 1668 de
790 1602 922 1669 materm
945 1604 1085 1689 quamvis
1109 1605 1159 1687 pia
1182 1606 1214 1669 et
1236 1606 1372 1670 ceterum
1397 1605 1490 1682 utili,

238 1711 274 1773 ut
295 1728 323 1775 v.
347 1728 378 1791 g.
402 1708 439 1773 de
460 1707 590 1775 historia
612 1727 714 1788 sacra,
746 1708 972 1792 explanationis
1002 1708 1183 1774 catechismi
1212 1710 1312 1775 locum
1338 1709 1492 1793 supplere

238 1831 297 1878 non
320 1815 458 1898 possunt.

655 1935 732 2020 cap.
755 1936 825 2003 III.
871 1935 922 2003 Dc
942 1934 1064 2004 scholis.

342 2065 394 2135 13.
439 2067 577 2134 Ecclesia
612 2070 659 2134 est
691 2069 791 2134 mater
822 2068 1014 2147 scholarum,
1050 2088 1155 2133 earnm
1183 2066 1376 2150 praesertim,
1403 2086 1488 2149 quas

239 2171 441 2237 elementares
465 2173 512 2236 sel
536 2172 696 2256 populares
726 2174 883 2257 appellare
909 2173 1132 2241 consuevimus.
1175 2174 1277 2257 Quae,
1310 2172 1377 2255 ejus
1407 2170 1486 2235 dili-

240 2275 508 2360 guntheramus,
539 2295 592 2359 per
626 2276 761 2360 plurima
791 2279 916 2344 saecula
947 2278 1093 2343 instituta
1123 2276 1334 2343 ecclesiastica
1354 2276 1485 2341 habitae

239 2383 321 2457 sunt,
346 2379 471 2446 acideo
495 2380 534 2445 ab
557 2380 694 2447 Ecclesia
716 2382 805 2466 pleno
818 2383 888 2465 jure
904 2381 1101 2468 regebantur.
1124 2381 1317 2465 Quapropter
1339 2382 1484 2445 nostrum
1587 2362 1588 2375 ³

239 2482 374 2549 cilicium
396 2487 453 2563 est,
476 2485 586 2570 quibus
609 2485 710 2551 adhue
732 2486 892 2570 pollemus,
920 2487 990 2570 jura
1013 2489 1155 2551 accurate
1178 2488 1282 2551 tenere
1299 2486 1331 2550 et
1346 2484 1484 2568 exsequi.
1587 2528 1588 2571 p

239 2590 324 2673 Quae
348 2608 417 2655 vero
437 2590 509 2675 jura
531 2592 757 2677 lacultatesque
781 2592 921 2674 parochis
945 2591 974 2655 in
1000 2590 1194 2657 moderandis
1216 2589 1329 2654 scholis
1352 2589 1484 2673 popula·
1587 2594 1588 2607 ¹

238 2694 323 2759 ribus
345 2696 532 2779 competant,
554 2696 676 2761 decreto
698 2697 745 2781 (et
769 2696 818 2763 18.
842 2696 876 2760 V.
895 2695 990 2772 1881,
1015 2696 1086 2762 Aul.
1108 2697 1138 2774 3,
1163 2694 1290 2772 (1223,
1314 2692 1481 2760 Obercons.

238 2796 285 2868 43
305 2798 335 2865 S.
355 2800 407 2878 31,
430 2798 475 2868 46
495 2798 526 2866 S.
542 2799 598 2886 35)
619 2801 680 2867 diei
703 2802 752 2869 18.
776 2800 891 2867 mensis
914 2798 1020 2883 aprilis
1043 2800 1114 2865 anni
1137 2799 1218 2865 1871
1243 2798 1397 2864 sancitum
1420 2800 1482 2864 est.

342 2901 396 2975 14.
430 2904 601 2970 Hortamur
631 2905 795 2988 parochos,
829 2908 882 2984 ut,
917 2924 995 2989 quae
1021 2924 1114 2989 snpra
1134 2904 1375 2970 commemorata
1397 2904 1482 2981 sunt,

237 3009 308 3095 jura
330 3007 361 3074 et
382 3007 486 3075 cilicia
507 3008 644 3076 studioso
663 3012 835 3077 exerceant.
885 3008 1004 3077 Saltem
1032 3010 1127 3077 semel
1157 3008 1206 3075 vcl
1236 3008 1284 3074 his
1314 3008 1346 3073 in
1376 3026 1483 3073 mense

239 3111 361 3178 scholas
384 3112 527 3193 visitent,
558 3116 703 3181 caventes
725 3117 846 3195 tamen,
877 3134 916 3180 ne
938 3114 1004 3180 ludi
1033 3114 1198 3199 magistros
1222 3131 1324 3180 coram
1348 3112 1484 3177 alumnis

240 3217 423 3303 vituperent.
455 3219 600 3284 Ceterum
624 3220 757 3285 maxima
778 3221 810 3285 in
834 3219 1000 3305 magistros
1022 3218 1217 3304 benignitate
1234 3220 1379 3294 stantum
1403 3235 1484 3301 quae

239 3324 317 3388 hene
338 3322 500 3407 gesserint,
523 3324 669 3408 probent;
692 3324 811 3391 animos
835 3344 940 3390 eorum
963 3323 1162 3402 confirment;
1186 3322 1317 3407 denique
1334 3320 1484 3387 cumillis

238 3427 270 3492 in
293 3427 492 3495 instituendis
515 3428 739 3513 educandisque
762 3429 874 3513 pueris,
899 3431 1050 3513 quantum
1067 3427 1132 3494 lieri
1150 3427 1273 3511 poterit,
1297 3425 1483 3492 concordare

239 3531 394 3598 studeant.
437 3532 536 3599 Nemo
562 3535 667 3599 tamen
693 3532 836 3600 sacerdos
864 3533 1031 3619 magistros
1065 3532 1201 3599 conscios
1235 3531 1331 3597 lactat
1365 3530 1402 3595 da
1431 3529 1483 3609 iis,

238 3656 317 3721 quas
340 3636 380 3703 ad
402 3630 588 3721 pastoralem
611 3655 718 3703 curam
741 3638 912 3703 animarum
937 3638 1100 3721 pertinent.

343 3738 393 3809 lt.
423 3740 510 3823 Quod
533 3742 560 3807 si
583 3741 613 3805 in
635 3742 704 3826 jure
723 3742 890 3809 exercendo
913 3742 1056 3809 laedatur
1078 3742 1244 3825 parochus,
1267 3761 1331 3807 rem
1354 3739 1392 3804 ad
1414 3758 1481 3804 ma·

240 3843 411 3929 gistratus,
442 3846 495 3930 qni
516 3846 630 3914 scholis
650 3850 815 3932 praesunt,
847 3847 912 3927 sel,
943 3846 970 3913 si
994 3848 1196 3926 accessesit,
1220 3847 1259 3911 ad
1282 3844 1480 3913 Ordinarium

240 3948 369 4015 deierat.

321 4082 398 4167 Gap.
421 4084 446 4150 I
449 4083 482 4151 V.
517 4084 569 4152 De
590 4086 794 4153 missionibus
813 4086 850 4151 in
867 4083 1029 4167 parochiis
1051 4083 1259 4163 instituendis,
1283 4082 1323 4151 G.
1345 4084 1400 4149 57.

343 4212 396 4284 lt.
418 4214 497 4281 llum
520 4234 576 4281 usn
600 4216 779 4301 quotidiano
802 4218 909 4282 nutum
931 4214 983 4293 sit,
1008 4213 1156 4298 plurimos
1177 4231 1244 4279 osse
1264 4211 1381 4292 fideles,
1405 4231 1477 4295 quos

241 4322 366 4385 assueta
388 4338 444 4385 ror
458 4320 584 4402 parochi
600 4319 737 4403 alioquin
753 4318 984 4403 vigilantissimi
1005 4318 1139 4384 excitare
1155 4318 1204 4383 rix
1220 4320 1327 4403 possit,
1350 4333 1477 4401 cumque

241 4442 347 4490 sacrae
372 4424 567 4489 »missiones«
593 4425 632 4489 ab
648 4423 765 4490 idoneis
779 4424 928 4507 operariis
944 4426 1086 4507 peractae
1101 4441 1294 4506 summopere
1309 4421 1478 4487 conducant

241 4527 280 4593 ad
304 4527 376 4593 fidei
397 4526 616 4611 religionisque
638 4528 782 4611 spiritum
805 4527 836 4592 in
860 4526 981 4611 populis
1003 4526 1199 4594 excitandum
1222 4544 1333 4611 eosque
1354 4524 1394 4591 ad
1420 4525 1478 4591 rir-
