3275 4917
247 239 289 305 82
355 255 475 327 stupor,
494 256 640 327 Bettrdpe
658 274 716 313 aar
739 258 934 327 Wltrdlgrmp
952 258 1007 313 der·
1027 257 1388 313 Decrcttelenlltterotrer.

248 427 403 494 celebrata
425 428 486 492 luit
507 427 645 511 tompore
661 427 801 493 Silvestri
818 445 895 512 pape
915 477 924 493 .
943 478 973 492 ..
995 428 1068 494 Ideo
1088 429 1275 495 credendum
1299 432 1348 495 est
1370 428 1491 496 codices

249 533 299 598 bic
320 532 479 615 corruptos
499 550 566 598 osse
595 535 628 597 et
661 532 769 598 debore
801 531 852 597 hic
882 551 949 597 csse
975 530 1199 617 Silvestriffl),
1229 535 1282 599 ubi
1314 536 1362 599 est
1392 534 1490 612 Julii;

247 640 350 703 tamen
380 636 454 701 libri
486 655 545 703 nou
565 635 776 720 corrigantur,
808 635 905 702 donec
936 656 972 703 ex
999 636 1163 722 originali,
1194 639 1261 705 scil.
1290 638 1369 703 libro
1398 639 1489 718 Beda,

249 742 363 808 raritas
391 739 672 825 perpendaturffl).
716 740 835 806 Tamen
866 742 912 807 ita
946 741 1061 807 salvari
1089 745 1193 826 potest
1224 744 1279 808 hcc
1308 743 1432 821 littera,
1462 743 1490 808 si

246 846 356 930 placet,
379 847 416 911 ut
438 844 560 911 dicatur
581 844 650 910 ideo
674 845 791 911 dictum
816 864 883 911 csse
907 845 964 911 boc
979 845 1011 912 in
1027 847 1093 912 loco
1107 848 1299 930 temporibus
1314 846 1394 913 Julii
1411 865 1489 932 papo

246 952 466 1035 congregatam
491 968 557 1015 csse
581 949 660 1014 banc
681 949 835 1028 sinodum,
855 950 1000 1034 quoniam
1024 952 1217 1034 temporibus
1239 952 1325 1017 illiue
1341 952 1401 1017 tuit
1416 970 1490 1016 con-

247 1055 387 1133 firmata,
419 1055 514 1138 temp.
546 1056 650 1119 autem
679 1052 820 1119 Siluastri
851 1056 1050 1139 congregata.
1097 1055 1161 1121 Alii
1191 1057 1299 1120 dicunt
1324 1055 1405 1139 qnod
1430 1074 1489 1121 non

246 1160 361 1225 debeat
377 1176 443 1224 esso
465 1159 495 1223 in
520 1156 628 1223 littera
649 1158 739 1238 tulii,
762 1158 815 1223 sed
842 1158 1026 1244 vigilitm).
1072 1160 1187 1225 Contra
1217 1160 1297 1243 quod
1328 1163 1375 1225 est
1406 1160 1488 1243 quod

245 1263 374 1329 interius
401 1263 520 1327 dicetur
547 1262 746 1340 ›Silvestriq
778 1262 816 1328 ad
849 1262 906 1329 boc
932 1263 1042 1330 dicunt
1063 1264 1144 1347 qnod
1167 1263 1319 1329 binomius
1341 1264 1435 1328 luerit
1456 1267 1491 1329 et

245 1370 404 1433 uocaretur
426 1364 574 1434 silvester
598 1365 742 1451 Vigillue.
765 1365 826 1433 Sed
851 1367 908 1433 lnoc
928 1369 1031 1451 prator
1054 1368 1272 1433 auctoritatem
1297 1368 1414 1432 dicunt.

348 1470 403 1538 Ad
426 1490 452 1539 c.
477 1477 533 1540 12.
557 1470 600 1539 D.
622 1476 664 1537 16
689 1492 717 1536 o.
747 1470 964 1555 apocrisiariis.
1010 1472 1220 1556 Apocripbum
1251 1471 1366 1538 dicitnr
1384 1471 1488 1538 occul·

245 1578 311 1642 tum
337 1575 383 1641 vol
405 1572 575 1641 secretu'rn:
598 1574 670 1639 inde
693 1574 897 1659 apocrisarius
917 1577 1111 1656 secretarius,
1135 1576 1189 1661 qui
1210 1577 1358 1642 usitatius
1372 1576 1489 1642 dicitur

244 1680 457 1746 cancellarius.
940 1738 943 1745 .

348 1784 381 1853 0.
405 1790 436 1851 4.
461 1783 502 1850 D.
526 1788 570 1851 18
591 1782 631 1850 ad
654 1803 681 1849 v.
710 1802 787 1851 esec.
811 1802 884 1851 vero
905 1802 989 1851 conc.
1013 1784 1087 1852 idib.
1111 1786 1227 1852 octobr.
1251 1785 1410 1862 habeatnr,
1433 1785 1489 1869 qni

243 1890 309 1954 dies
339 1889 420 1974 apnd
451 1889 564 1955 Grecos
586 1886 827 1976 yperbericiffl)
855 1888 969 1955 mensis
995 1888 1134 1955 decimus
1164 1890 1352 1955 inveniturr.
1398 1888 1488 1955 Istud

243 1994 435 2077 quidnam)
458 1993 502 2059 sio
525 1993 651 2077 legunt:
674 1994 728 2075 pai
742 1994 811 2059 dies
825 1992 846 2059 i.
863 2012 889 2060 o.
907 1994 1029 2072 mensis,
1054 1996 1089 2058 ut
1105 1994 1147 2059 sit
1163 1993 1380 2079 synecdoches,
1399 1994 1488 2075 opud

242 2097 361 2165 Grecos
380 2096 554 2181 yperberioi
575 2095 607 2161 id
629 2099 677 2161 est
697 2098 810 2162 mansis
834 2098 973 2164 decim
993 2099 1169 2181 irruentum
1196 2098 1279 2182 apud
1302 2117 1356 2164 nos
1379 2099 1485 2163 autom

243 2202 403 2266 december
425 2204 474 2265 est
495 2200 648 2278 decimus,
673 2201 754 2283 apud
775 2202 890 2267 Ebrcos
911 2201 1081 2267 ianuariua.
1112 2202 1153 2267 Et
1173 2202 1219 2267 sic
1239 2220 1331 2287 quem
1352 2220 1406 2267 nos
1431 2220 1484 2267 ro·

242 2324 348 2371 camus
370 2306 525 2371 octobrem
549 2305 629 2388 apud
652 2302 765 2371 Grecos
790 2306 926 2371 decimus
949 2306 1114 2383 invenitur,
1138 2306 1211 2391 quia
1233 2305 1302 2391 ipsi,
1326 2308 1361 2371 ut
1384 2306 1485 2386 aiunt,

241 2412 422 2494 computant
443 2428 462 2473 a
481 2407 630 2475 ianuario.
664 2408 727 2476 Sed
747 2411 833 2477 istud
851 2411 975 2477 uidctm
993 2412 1123 2493 feteam,
1147 2430 1217 2476 cum
1238 2410 1329 2477 Greci
1347 2409 1488 2476 habeant

241 2514 370 2581 cundem
393 2513 573 2579 Pascbalem
597 2512 774 2590 terminum,
798 2533 888 2599 quem
906 2533 970 2594 uos,
994 2514 1157 2595 eteodom,
1181 2533 1240 2599 quo
1257 2534 1322 2593 nos,
1345 2518 1485 2598 tempore

240 2619 396 2684 celebrent
421 2617 647 2696 decensionem,
674 2618 885 2698 Pentecosten,
909 2617 1116 2684 Nativitatem
1137 2622 1170 2683 et
1191 2618 1377 2685 huiusmodi.
1410 2618 1487 2683 Pre-

241 2730 326 2790 tarea
359 2722 465 2789 littera
500 2741 559 2787 non
591 2722 667 2787 bena
700 2722 788 2789 sedet
815 2722 984 2788 secundum
1017 2724 1095 2788 banc
1126 2722 1300 2790 lectionem.
1344 2722 1418 2788 Ideo
1439 2722 1487 2787 sic

240 2829 381 2913 legatur:
415 2828 480 2911 Qui
508 2827 576 2893 dieo
606 2825 648 2893 id.
678 2828 738 2893 oct.
769 2828 909 2893 decim
940 2827 1006 2893 dias
1031 2829 1188 2894 inventur
1216 2828 1367 2905 octobris,
1399 2825 1486 2891 illius

240 2933 355 2999 mansis
377 2932 459 3016 apud
483 2930 596 2997 Grecos
625 2930 700 2996 dicti
730 2931 918 3017 yperberici,
946 2931 1019 3014 quia
1049 2932 1108 3017 ipsi
1133 2932 1348 3017 pperbaricum
1374 2933 1485 2997 nocant

241 3055 375 3103 mensem
398 3055 488 3120 quam
515 3055 568 3102 nos
597 3039 752 3102 octobrem
774 3035 916 3103 dicimus.
966 3035 1026 3101 Sed
1055 3055 1112 3101 nec
1142 3036 1219 3101 illud
1249 3038 1331 3103 stara
1364 3035 1486 3119 potest:

239 3142 321 3225 qnia,
346 3142 382 3204 nt
401 3139 597 3222 computistis
617 3142 713 3223 patet,
735 3158 813 3205 unus
837 3141 961 3205 tantum
978 3139 1044 3206 dics
1059 3138 1251 3224 designatur,
1274 3159 1344 3205 cnm
1370 3138 1487 3206 dicitnr

242 3243 364 3308 »idibus
386 3242 557 3322 octobris«,
586 3232 702 3327 [dies],
734 3243 788 3327 qui
811 3244 952 3327 sequitur
971 3243 1079 3324 illum,
1103 3244 1157 3330 qni
1179 3244 1379 3328 designatur,
1412 3262 1486 3309 cum
1615 3223 1616 3284 3

239 3348 354 3414 dicitur
384 3346 500 3432 »pridie
525 3343 593 3436 [id]
619 3347 785 3426 octobris«,
815 3349 897 3414 sicut
921 3368 1000 3414 unus
1022 3351 1146 3416 tanturn
1169 3348 1234 3413 dies
1258 3349 1394 3425 notatur,
1412 3365 1487 3412 cum
1615 3315 1616 3392 l

238 3453 352 3520 dicitur
377 3452 538 3519 »kalendis
558 3453 722 3527 octobris«,
746 3452 813 3519 scil.
838 3454 956 3537 primns
978 3453 1044 3518 dies
1066 3452 1151 3517 illius
1166 3452 1297 3533 mansis,
1319 3452 1373 3516 sed
1390 3470 1485 3516 nnm-

237 3578 331 3643 quam
355 3558 519 3641 contingit,
542 3555 623 3641 quod
647 3556 701 3621 illa
724 3556 798 3635 dies,
823 3554 903 3645 [qui]
928 3557 1111 3642 designatur
1130 3556 1175 3621 sic
1197 3554 1319 3620 »idibus
1335 3554 1484 3633 octabu«,
1615 3577 1616 3606 i

237 3663 280 3727 sit
302 3662 439 3727 decimus
462 3661 527 3726 dies
550 3660 693 3727 octobris.
728 3661 815 3727 Hine
838 3668 884 3727 cat
905 3662 986 3744 qaod
1004 3668 1070 3728 tom
1087 3662 1192 3745 kyistc
1211 3680 1306 3744 quom
1320 3659 1484 3725 madico

237 3765 319 3833 tunc
341 3766 440 3831 moram
461 3765 683 3850 ignoramur).
711 3762 877 3829 Sciendum
898 3770 1002 3831 autem
1025 3764 1106 3849 quod
1125 3764 1217 3842 istud,
1240 3764 1321 3848 quod
1337 3764 1387 3829 bic
1404 3763 1486 3828 dici·

237 3871 299 3949 tur,
322 3869 439 3934 dictum
463 3870 511 3934 ost
530 3868 698 3934 secundum
719 3868 870 3934 usitatum
886 3869 1030 3953 loquendi
1047 3869 1183 3946 modum,
1203 3868 1371 3933 secundnm
1388 3886 1482 3951 quem

339 4078 401 4145 241)
421 4077 513 4148 Vergl.
533 4075 704 4147 Friedbergb
722 4075 776 4132 Nte
797 4077 847 4132 101
866 4076 921 4131 und
939 4077 965 4133 d.
986 4076 1060 4133 corr.
1080 4078 1156 4133 llona
1174 4076 1209 4131 ad
1227 4077 1255 4132 h.
1273 4076 1293 4132 l.

337 4164 400 4235 242)
418 4164 495 4219 Dione
513 4163 599 4219 Stella
617 4164 692 4233 (Ideo
712 4203 718 4218 .
737 4205 744 4218 .
766 4163 981 4235 .perpendutnr)
1001 4164 1050 4219 hat
1067 4163 1189 4229 Schultc,
1207 4162 1484 4230 Gescb.d.Qnell.1,

236 4252 269 4307 45
288 4251 343 4307 Ntc
361 4252 404 4317 25,
423 4251 601 4321 mitgctbcilt.

338 4338 400 4406 ala)
421 4337 511 4408 Vargl
529 4337 701 4407 Friedberg’s
720 4337 774 4394 Nte
794 4339 852 4394 101.

336 4425 399 4493 244)
420 4425 511 4494 Vargl.
529 4425 573 4481 die
590 4425 661 4481 Note
677 4426 711 4480 29
730 4424 901 4494 unedberga
920 4442 952 4479 ru
970 4424 1069 4479 diesem
1088 4424 1204 4494 Capitol.

338 4511 400 4581 alo)
419 4510 547 4567 Rufinus!
567 4511 660 4582 Vergl.
678 4511 773 4567 dassen
792 4510 904 4565 Summa
921 4510 956 4565 ad
972 4510 1000 4567 b.
1020 4511 1039 4566 l.

337 4598 401 4669 246)
419 4598 512 4669 Vergl.
530 4598 598 4655 oben
616 4598 643 4654 S.
661 4600 704 4665 45,
723 4599 766 4654 55.
