3275 4917
318 272 364 331 De
387 273 564 345 Disciplina
584 271 794 331 Orientalium
814 272 1030 330 conservanda
1048 276 1078 330 et
1096 271 1221 330 tuenda.
1327 251 1390 322 337

149 446 203 512 sed
224 447 263 511 ad
287 466 408 513 sacrum
433 446 605 513 Consilium
629 446 798 513 christiano
830 448 946 513 nomini
974 446 1170 533 propagando
1190 446 1315 513 omnino
1337 447 1392 513 de·

151 550 301 617 ferantur.

254 656 342 723 Xlli.
368 655 568 723 Patrinrchae
591 654 710 723 Graeco
734 655 900 721 idelebitae
915 655 1161 721 iurisdictionem
1178 655 1345 722 tribuimus
1360 657 1392 721 in

151 778 202 827 eos
233 778 352 846 quoqne
383 760 490 827 fideles
524 760 661 827 eiusdem
695 762 775 827 ritus
808 762 861 844 qui
894 759 978 827 intra
1007 760 1082 825 fines
1114 759 1236 826 Turcici
1268 760 1394 845 Imperii

152 867 321 930 versantur.

258 970 385 1035 Praeter
413 968 490 1034 istas
520 968 690 1053 peculiares
721 968 879 1035 cantiones
909 970 1002 1053 atque
1034 987 1070 1033 er
1098 968 1165 1033 inre
1194 969 1393 1053 praescripta,

152 1073 282 1139 maxime
303 1073 367 1139 Nos
391 1075 477 1138 tenet
500 1092 593 1152 cura,
624 1073 704 1156 qnod
740 1092 834 1158 snpra
859 1073 1042 1157 attigimus,
1072 1073 1108 1138 nt
1138 1070 1308 1139 condantur
1336 1091 1391 1157 cp-

151 1177 382 1259 portnnioribus
412 1178 443 1242 in
474 1176 601 1243 Oriente
630 1178 706 1242 locis
734 1178 917 1253 seminaria,
948 1176 1097 1261 collegia,
1127 1176 1275 1242 instituta
1304 1197 1394 1244 ornne

150 1300 261 1365 genus,
293 1300 389 1365 eaque
421 1300 544 1365 prorsus
572 1281 610 1346 ad
633 1283 759 1348 iuvenes
781 1282 899 1348 incolas
922 1282 987 1365 ipso
1011 1284 1073 1347 ritu
1096 1281 1196 1363 patrio
1218 1280 1394 1349 formandos

151 1384 181 1449 in
205 1404 329 1451 snorum
354 1385 479 1451 annilia.
523 1386 591 1453 Hoc
613 1387 820 1470 propositum,
852 1386 884 1451 in
914 1405 973 1470 qno
996 1384 1058 1450 dici
1080 1385 1128 1451 rix
1152 1388 1254 1469 potest
1276 1388 1394 1472 quanta

151 1489 293 1573 religioni
315 1490 477 1555 inhaereat
500 1509 584 1575 spes,
617 1488 754 1556 studiose
779 1490 842 1555 Nos
866 1490 1012 1573 aggredi,
1042 1490 1226 1575 prolixisque
1249 1489 1396 1555 subsidiis

152 1594 330 1677 provehere,
363 1594 527 1673 affluente,
558 1597 594 1659 nt
617 1593 817 1670 confidimus,
848 1594 1068 1661 catholicorum
1085 1613 1167 1677 ope,
1189 1594 1393 1667 deliberatum

151 1698 310 1764 habemus.
355 1697 557 1764 Sacerdotem
580 1698 794 1781 indigenarum
819 1717 954 1782 operam,
977 1700 1089 1782 quippe
1112 1701 1144 1763 et
1165 1698 1395 1764 convenientiae

151 1802 320 1885 impensam
351 1804 383 1868 et
411 1802 553 1887 cupidius
576 1804 753 1885 acceptam,
786 1802 886 1868 multo
915 1802 1051 1868 intorem
1081 1821 1175 1886 quam
1207 1801 1394 1870 advenamm

151 1904 404 1985 fructuosiorem,
437 1907 527 1989 paulo
557 1906 654 1971 fusius
686 1910 733 1971 est
765 1926 784 1972 a
814 1906 912 1973 Nobis
940 1908 1146 1972 monstratum
1174 1906 1208 1971 in
1230 1906 1395 1992 encyclicis

150 2008 265 2074 litteris
296 2029 373 2093 quas
405 2009 546 2076 dedimus
575 2010 730 2094 superiore
762 2028 841 2076 anno
864 2011 901 2077 de
923 2011 1063 2095 collegiis
1084 2010 1265 2077 clericorum
1288 2012 1319 2076 in
1341 2011 1394 2078 In·

151 2113 211 2178 diis
234 2112 447 2180 Orientalibus
470 2113 704 2181 constituendis.
730 2114 842 2180 —lta
866 2134 953 2200 porro
975 2133 1082 2181 sacrae
1104 2114 1276 2181 inventutis
1297 2115 1392 2181 insti·

151 2218 263 2283 tutiori
291 2218 387 2284 semel
415 2219 572 2297 consulto,
603 2220 738 2303 prolecto
771 2219 883 2286 studiis
912 2220 956 2285 rei
983 2218 1176 2304 theologicae
1205 2222 1237 2286 et
1260 2220 1394 2287 biblicae

151 2320 231 2406 apud
254 2321 429 2389 Orientales
452 2327 607 2389 accrescet
630 2325 742 2401 bonos;
771 2324 889 2409 vigebit
911 2324 1090 2408 linguarum
1106 2326 1243 2391 veterum
1264 2324 1396 2390 eruditio

151 2444 246 2511 aeque
269 2445 305 2491 ac
327 2427 358 2492 in
384 2427 558 2494 recentibus
581 2428 737 2507 sollertia;
762 2428 919 2494 doctrinae
942 2429 979 2495 et·
995 2428 1173 2496 litterarum
1195 2447 1313 2509 census,
1335 2447 1396 2513 quo

151 2532 260 2598 Patres
282 2550 387 2598 eorum
410 2533 635 2617 scriptoresque
654 2534 833 2611 abundant,
865 2532 898 2598 in
930 2552 1091 2599 commune
1114 2535 1246 2612 bonnm,
1278 2533 1396 2618 largius

151 2634 305 2717 proficiam
328 2654 363 2701 eo
387 2635 511 2701 demum
532 2638 692 2722 peroptato
708 2638 802 2715 exitu,
824 2639 860 2702 ut
874 2636 1039 2703 sacerdotii
1056 2637 1201 2703 catbolici
1217 2641 1396 2721 emergente

152 2738 290 2803 doctrina
317 2738 492 2824 integrique
521 2740 653 2824 exempli
684 2740 774 2805 laude
805 2740 1019 2824 praelucente,
1050 2741 1229 2823 propensius
1258 2741 1394 2807 eiusdem

153 2842 261 2907 matris
280 2843 470 2925 complexum
495 2842 607 2909 iratres
629 2843 813 2910 dissidentes
836 2844 1005 2929 requirant.
1038 2844 1120 2910 Tum
1144 2863 1213 2909 sero
1229 2844 1256 2909 ei
1270 2844 1394 2911 ordines

151 2946 225 3011 cleri
244 2945 372 3024 animos,
396 2946 509 3025 studia,
531 2948 679 3014 actionem
697 2948 830 3014 caritate
849 2967 917 3014 sere
933 2947 1070 3013 fraterna
1083 2947 1278 3028 sociaverint,
1297 2950 1392 3029 certe,

151 3050 273 3116 fauente
297 3052 328 3116 et
351 3050 481 3117 docente
507 3052 579 3131 beo,
603 3052 669 3118 dies
686 3051 896 3118 maturabitur
912 3053 1170 3137 auspicatissimo,
1194 3073 1266 3137 qua,
1287 3071 1394 3119 occur·

152 3155 290 3221 rentibus
313 3154 455 3221 omnibus
477 3157 510 3221 in
533 3159 684 3224 unitatem
701 3158 778 3241 fidei
800 3164 830 3224 et
850 3158 1022 3242 opndionis
1046 3158 1112 3225 niti
1135 3156 1214 3236 Dei,
1245 3158 1334 3241 plene
1356 3178 1392 3225 ex

151 3276 186 3324 eo
210 3257 403 3342 perfecteque
431 3266 526 3326 ionem
550 3280 664 3343 eorpus
686 3268 897 3343 compactum,
928 3268 957 3327 et
986 3281 1158 3328 connexum
1183 3282 1244 3344 per
1273 3284 1396 3330 mnnem

150 3366 329 3430 iuncturam
358 3363 677 3443 subministrationis,
714 3366 883 3432 secundnm
911 3367 1122 3448 operationem
1148 3367 1184 3431 in
1212 3388 1395 3434 mensnram

149 3469 304 3551 amiceque
325 3468 464 3544 membri,
490 3476 687 3552 angmentum
709 3471 848 3552 eorporis
867 3471 949 3552 fecii
970 3472 1004 3535 in
1028 3470 1276 3553 aedificationem
1295 3473 1348 3536 sui
1361 3474 1396 3538 in

151 3574 282 3638 caritate
304 3570 395 3659 (lipb.
411 3571 464 3636 IV.
484 3572 532 3649 13,
553 3572 613 3653 16).
652 3572 695 3637 lia
717 3572 863 3637 nimirum
888 3572 1015 3655 gloriari
1040 3572 1132 3638 unica
1155 3576 1257 3656 potest
1279 3572 1394 3641 Christi

151 3694 224 3740 vera
245 3694 310 3741 esse
335 3675 488 3755 Ecclesia,
520 3675 552 3739 in
575 3694 636 3759 qna
657 3676 816 3760 aptissime
838 3677 982 3743 cobaerat
1001 3698 1100 3744 annm
1128 3697 1241 3760 eorpus
1262 3684 1291 3744 et
1314 3698 1397 3747 nmis

152 3778 289 3861 spiritns
310 3780 403 3864 (llpb.
427 3780 481 3846 IV.
501 3780 546 3863 l).

256 3881 341 3948 Haeo
363 3884 505 3949 universa
528 3889 559 3950 et
581 3885 723 3966 singule,
754 3902 966 3970 quaecumque
995 3890 1069 3952 sont
1097 3886 1236 3952 aNcbis
1259 3885 1394 3967 decreta,

153 3985 279 4051 minime
302 3986 431 4052 dubium
453 3988 527 4071 quin
553 3988 751 4054 venerabiles
776 3990 897 4055 l'ratres
915 3989 1128 4067 Patriarcbae,
1152 3989 1396 4075 Arcbiepiscopi,

153 4089 294 4175 Episcopi
316 4090 423 4175 quovis
445 4092 587 4158 orientali
613 4093 673 4158 ritn
697 4093 853 4172 catholici,
879 4112 932 4177 pro
956 4112 992 4159 ea
1014 4112 1076 4177 qna
1098 4095 1258 4177 praestant
1278 4096 1346 4159 tum
1363 4095 1397 4160 in

152 4193 340 4261 Gatbedram
365 4195 573 4281 Apostolicam
595 4198 627 4262 et
649 4196 677 4261 in
705 4196 767 4264 Nos
790 4198 923 4281 pietate,
948 4199 1015 4262 turn
1036 4216 1163 4263 snamm
1186 4197 1397 4265 sollicitudine

152 4299 369 4378 dioclesinrnm,
393 4301 477 4365 omni
499 4301 563 4365 sint
583 4302 754 4368 reverentia
769 4306 801 4367 et
816 4303 1081 4386 obtemperatione
1096 4303 1281 4386 susceptori,
1305 4303 1397 4388 idque

151 4404 257 4469 sedulo
288 4404 427 4471 effecturi
458 4407 492 4470 ut
527 4405 693 4471 eorundem
720 4408 934 4485 observantia,
966 4407 1005 4472 ab
1036 4407 1076 4472 iis
1101 4425 1231 4491 quorum
1253 4406 1397 4487 interest,

152 4506 243 4589 plena
265 4512 478 4593 consequatur.
506 4546 543 4556 -
567 4508 663 4593 Gopia
686 4529 754 4576 sero
779 4512 948 4589 fructuum,
971 4528 1048 4595 quos
1071 4510 1142 4576 inde
1158 4511 1306 4595 angurari
1323 4511 1399 4576 licet

152 4614 183 4675 et
205 4612 272 4677 iure
294 4614 410 4698 optimo
433 4616 605 4699 expectare,
627 4614 716 4681 valde
739 4634 774 4681 ex
797 4634 890 4700 opera
912 4635 1018 4683 eornm
1041 4614 1268 4699 provenietqni
1285 4617 1398 4696 gerunt

186 4722 278 4770 nrenn
293 4724 332 4772 nn
349 4726 538 4775 sennensem
556 4725 673 4773 exsui.
1253 4719 1297 4781 22
