3275 4917
830 631 907 714 1111.

496 788 648 872 decreta
673 788 978 891 concrepationem
1008 788 1246 870 Romanarum.

252 981 275 1035 1.
310 980 516 1034 lmmntationee
536 980 660 1035 inductae
681 980 710 1035 in
733 979 862 1034 clausulis
885 978 1117 1050 dispensationum
1141 978 1379 1034 matrimonialium
1398 982 1427 1032 at
1446 996 1500 1048 ap·

315 1066 444 1135 probatae
462 1084 479 1121 a
497 1066 580 1121 SSmo
598 1066 631 1121 D.
651 1066 683 1121 N.
702 1066 790 1122 Leone
808 1066 839 1120 P.
853 1066 883 1121 P.
903 1065 982 1121 Xlll.
998 1066 1027 1120 in
1044 1064 1106 1121 and.
1127 1065 1181 1120 diei
1199 1065 1241 1120 28.
1262 1066 1331 1134 Aug.
1347 1066 1422 1120 1881.

605 1178 718 1249 (libluer
735 1178 935 1235 Pastoralblatt
953 1179 1021 1236 1889
1038 1178 1086 1234 lir.
1103 1178 1138 1245 6).

354 1302 389 1366 In
414 1302 512 1367 literis
538 1301 733 1386 Apostolicis‚
757 1302 870 1385 quibus
893 1320 911 1365 a
933 1301 1064 1366 Dataria
1088 1300 1268 1384 Apostolica
1283 1298 1498 1365 concmuntur

251 1406 491 1490 dispensationes
514 1406 774 1482 matrimoniales,
808 1406 1061 1470 omittantur
1089 1405 1204 1469 abhinc
1224 1405 1387 1488 sequentes
1407 1404 1497 1469 clau·

250 1510 352 1575 sulae:
384 1510 416 1595 a)
439 1511 475 1576 Si
498 1513 620 1577 ueniam
643 1532 663 1576 a
686 1516 713 1575 te
739 1512 890 1592 petierint
910 1509 1078 1575 lumiliter.
1125 1510 1158 1593 b)
1182 1510 1316 1591 Recepto
1336 1508 1431 1590 prices
1454 1512 1497 1575 ab

250 1636 285 1682 eo
307 1617 497 1692 iuramento,
529 1614 610 1697 pund
638 1634 702 1697 pou
730 1614 785 1681 sud
817 1634 873 1696 spe
898 1614 1030 1696 facilius
1060 1613 1195 1679 labendi
1228 1614 1497 1694 dispensationem

249 1720 430 1787 huiusmodi
451 1722 601 1786 incestum
624 1719 670 1785 uel
692 1719 882 1784 adulterium
904 1719 1084 1784 huiusmodi
1114 1718 1326 1784 commiseriat
1354 1718 1498 1799 priorique

251 1825 330 1889 tatia
352 1845 520 1906 numquam
541 1824 686 1905 deinceps
709 1824 903 1889 committant
918 1843 1014 1904 neptae
1029 1823 1275 1888 commitantibus
1286 1820 1498 1903 praestabunt

252 1928 406 1995 auxilium
426 1928 576 2009 favorem.
621 1929 650 2012 c)
675 1926 818 1993 Peractis
841 1927 880 1992 ab
902 1927 944 1992 iis
966 1926 1087 1993 duabm
1114 1925 1394 1993 sacramentalibus
1421 1944 1495 1991 con·

249 2032 447 2116 sessionibus.
776 2024 784 2039 ⁶

356 2137 386 2203 2.
412 2136 445 2199 ln
470 2136 578 2201 iisdem
594 2137 693 2202 literis
707 2136 921 2201 tollantur
936 2136 1097 2220 sequentia
1112 2135 1222 2202 verba:
1250 2134 1399 2201 Volumus
1414 2135 1497 2215 prend

252 2240 282 2307 si
303 2246 336 2306 tu
358 2240 480 2322 aliquid
500 2242 642 2306 muueris
663 2241 710 2306 nel
727 2242 870 2322 praemii
891 2241 1013 2322 eripere
1027 2246 1083 2305 cut
1098 2240 1235 2305 oblatum
1249 2240 1387 2321 recipere
1397 2260 1496 2320 prae-

253 2343 450 2425 sumpseris.
468 2394 475 2411 .
493 2394 520 2422 .‚
543 2344 695 2411 absolutio
717 2350 773 2410 aut
793 2344 987 2425 dispensatio
1007 2344 1128 2410 nullius
1145 2345 1188 2409 sit
1210 2344 1333 2409 roboris
1354 2349 1410 2409 aut
1430 2364 1496 2408 mo

253 2450 349 2514 menti
372 2450 404 2513 et
427 2446 607 2513 dicatur:
638 2448 735 2515 Vetito
757 2450 893 2525 omuino,
918 2469 957 2515 ue
979 2447 1104 2530 aliquid
1124 2448 1265 2513 muueris
1286 2452 1342 2513 aut
1356 2449 1498 2529 praemii

253 2552 374 2635 ccipere
396 2557 452 2619 out
472 2552 608 2619 oblatum
629 2553 767 2635 recipere
786 2554 1051 2634 praesumpseris.

358 2658 387 2724 3.
413 2656 603 2723 Tollitur
626 2656 783 2722 clausula:
806 2657 984 2724 Dcemmcdc
1000 2659 1036 2723 iu
1048 2657 1198 2739 praefata
1213 2656 1411 2738 separatione
1422 2676 1496 2737 per·

253 2764 427 2829 rnauserint
448 2764 480 2827 et
502 2761 670 2827 dicatur
694 2762 759 2827 eius
783 2762 866 2829 vice:
897 2762 1025 2827 Rernoto
1048 2768 1200 2844 quatenus
1221 2761 1322 2839 adsit,
1345 2761 1497 2827 scaridalo

249 2868 438 2953 praesertim
457 2888 517 2949 per
538 2866 769 2948 separat-ionem
791 2872 926 2948 tenpore
947 2865 1005 2931 tibi
1027 2866 1100 2932 bene
1122 2866 1198 2943 cisa
1218 2868 1250 2931 si
1269 2865 1343 2947 pet
1362 2871 1472 2947 potest.

358 2972 387 3036 4.
410 2969 589 3036 Clausulas:
610 2970 648 3036 Si
664 2991 774 3053 preces
795 2971 925 3037 ueritate
943 2971 1006 3036 uiti
1023 2970 1179 3051 repereris
1202 2969 1497 3035 substituatur

255 3076 331 3142 haec
354 3075 432 3140 alia:
456 3073 493 3141 Si
514 3095 589 3141 uero
610 3076 675 3141 sint
697 3076 848 3157 suposita.

359 3183 388 3245 5.
419 3177 478 3245 Ubi
502 3177 632 3244 dicitur:
662 3179 816 3246 Absolcas
837 3180 902 3245 sice
918 3199 977 3261 per
999 3185 1029 3243 te
1048 3178 1115 3244 sice
1133 3198 1193 3260 per
1215 3178 1314 3245 alium
1334 3180 1369 3244 iu
1390 3179 1498 3261 somna

254 3283 417 3351 Ecclesiae
439 3288 582 3351 commta
603 3282 787 3350 dicatur:
810 3284 883 3351 Hac
905 3284 969 3350 ctae
989 3288 1111 3350 tantum
1131 3304 1189 3366 per
1202 3290 1232 3349 te
1245 3284 1310 3349 sive
1320 3304 1380 3365 per
1396 3282 1497 3348 alium

255 3388 409 3457 absolvas.

255 3538 280 3593 2.
301 3536 466 3607 Responsum
478 3554 499 3593 s.
514 3534 612 3606 congr.
625 3535 691 3607 Epp.
705 3539 733 3591 et
745 3535 813 3607 Reg.
824 3535 859 3591 ad
872 3534 1025 3606 episcopum
1037 3536 1189 3591 Stathmar.
1205 3535 1267 3592 dd.
1279 3535 1322 3591 28
1334 3534 1410 3605 Sept
1421 3534 1497 3600 1884,

503 3624 536 3679 de
554 3625 614 3677 rota
632 3622 705 3678 dicia
722 3622 883 3692 Velocipedc
900 3639 917 3677 a
935 3622 1040 3678 clericis
1059 3639 1112 3678 non
1131 3622 1240 3678 utendo.

359 3738 445 3803 Haec
467 3756 491 3802 s.
516 3736 628 3819 congr.
653 3736 729 3820 lipp.
756 3739 788 3801 et
820 3737 896 3821 ch.
924 3738 1044 3802 maturo
1075 3736 1208 3802 examini
1238 3737 1386 3815 subiecit,
1418 3754 1497 3820 quae

256 3840 437 3926 Amplitudo
459 3840 527 3906 'l'ua
549 3839 658 3906 retulit
681 3841 764 3907 circa
786 3840 959 3907 sacerdotes
982 3844 1105 3907 utentes
1119 3843 1188 3908 rota
1202 3841 1287 3907 dicta
1308 3840 1495 3924 Velocipede.

257 3948 366 4030 Itaque
389 3946 419 4013 8.
445 3945 553 4011 eadem
578 3944 785 4031 congregatio
808 3945 907 4013 zelum
924 3948 956 4012 et
972 3946 1168 4030 prudentiam
1186 3946 1409 4031 amplitudinis
1424 3948 1498 4012 tuae

256 4050 413 4117 collaudat
443 4054 537 4135 atquc
560 4051 771 4128 commendam
802 4070 873 4116 uam
904 4051 1070 4135 probibitio
1102 4051 1275 4117 huiusmodi
1309 4070 1368 4117 nou
1397 4050 1497 4117 solum

256 4155 369 4221 liberat
391 4176 410 4220 a
432 4154 567 4239 corporis
587 4154 732 4239 periculis
757 4155 932 4221 sacerdotes
955 4156 1053 4239 ipsos,
1083 4156 1136 4221 sed
1166 4156 1313 4221 scandala
1342 4155 1456 4222 avertit
1478 4176 1499 4219 a

256 4258 400 4325 fidelibus
423 4260 455 4326 et
477 4258 649 4325 irrisionem
673 4259 807 4343 ipsorum
830 4258 1029 4324 sacerdotem.

859 4364 1007 4431 luderes
1029 4364 1126 4432 cara.
1157 4366 1265 4449 Verpa,
1292 4365 1392 4432 Praei.

717 4538 1027 4549 *—
