3275 4917
199 272 398 330 Commentar
409 289 450 327 aa
462 272 496 327 P.
509 271 532 327 1.
545 273 598 328 dea
615 271 702 328 Deer.
715 273 774 327 mit
784 274 842 328 der
857 271 944 329 Vorr.
959 273 1155 345 Antipatrum
1166 278 1196 330 et
1207 278 1299 346 temp.
1361 257 1401 323 71

156 450 263 514 autem
286 443 478 512 credentium
511 446 579 511 erat
608 462 660 511 oor
689 446 841 511 unumst
863 444 1151 524 auimaunaeto.,
1181 447 1401 515 verumetiam

156 572 193 618 ex
215 550 390 636 preoodenti
413 551 550 633 ternpore
573 568 592 614 a
614 548 806 633 philosophis
827 548 981 615 traditum
1003 548 1170 617 iuvenitur.
1212 550 1301 617 Unde
1320 552 1402 636 apud

158 656 321 723 Platonem
343 655 400 721 illa
422 654 533 719 civitas
559 652 728 720 iustissime
757 653 900 720 ordinata
927 652 1078 732 traditur,
1114 654 1147 720 in
1179 674 1241 739 qua
1273 657 1402 741 quisque

157 760 295 845 proprios
319 759 417 825 uesoit
439 758 578 823 allectus.
615 757 677 824 Der
705 758 864 825 Verlasaer
885 758 976 824 sucht
1001 778 1062 823 nun
1082 778 1139 824 aua
1163 759 1220 827 den
1239 761 1316 826 zelun
1339 761 1402 829 Ge·

156 866 259 945 boten,
283 884 338 931 aus
359 864 484 931 Numer.
509 862 655 930 XXXIV.
679 863 729 941 13,
756 863 853 929 benit.
869 862 966 932 XXV.
984 864 1025 928 25
1042 863 1084 942 d,
1108 864 1222 930 uasto.
1240 865 1342 931 XXll.
1359 866 1399 931 21

156 990 194 1035 zu
216 969 371 1047 erneisen,
398 968 469 1034 dass
492 967 547 1033 das
569 968 760 1053 lligeuthum
779 967 850 1033 dem
873 967 1046 1053 gottlioheu
1071 968 1187 1035 Reehte
1211 970 1401 1055 entspreolre,

157 1074 220 1139 und
243 1073 388 1139 suhliesst
411 1072 469 1139 mit
492 1072 650 1157 folgenden
678 1072 817 1138 Polemilr
838 1092 937 1158 gagen
961 1071 1111 1139 Gratiau:
1136 1073 1184 1139 Ao
1201 1066 1258 1140 hoo
1274 1073 1399 1141 tandem

155 1180 227 1263 post
256 1196 378 1243 omnem
406 1176 655 1261 disquisitionem
686 1174 851 1242 dicendum
875 1178 923 1242 est
946 1176 1084 1242 divinum
1107 1177 1157 1243 ius
1180 1176 1230 1244 hio
1252 1177 1401 1264 appellari

156 1282 290 1367 primam
314 1282 401 1347 illam
424 1280 604 1364 equitatem,
628 1300 687 1366 que
711 1300 729 1347 a
752 1282 852 1365 prima
874 1281 1029 1347 creatione
1046 1282 1231 1349 naturaliter
1245 1284 1400 1349 mentibus

157 1386 316 1452 hominum
340 1385 440 1451 indita
461 1385 530 1450 fuit.
566 1384 741 1451 Secundum
765 1404 858 1470 quam
881 1386 1091 1470 uuusquisque
1113 1388 1158 1453 itu
1173 1406 1238 1453 rem
1255 1388 1293 1454 ad
1310 1407 1400 1454 usum

156 1511 247 1557 suurn
267 1490 379 1556 habere
394 1488 529 1567 deberet,
555 1490 590 1555 ut
605 1491 637 1555 et
652 1489 730 1555 alius
745 1489 783 1555 ad
799 1509 889 1556 sunm
906 1508 994 1555 usum
1013 1490 1139 1557 eandem
1157 1492 1303 1571 haberet,
1327 1492 1399 1557 dum

155 1597 186 1662 ei
209 1595 289 1661 esset
313 1593 495 1660 necessaria.
538 1592 589 1659 Sio
612 1594 737 1660 transiri
756 1596 860 1679 posset
882 1593 967 1660 loeus
990 1596 1068 1673 iste,
1092 1594 1152 1661 nisi
1174 1615 1238 1663 rem
1260 1598 1401 1664 turbaret

154 1699 303 1783 exemplis
332 1698 520 1783 suppositis;
552 1698 613 1765 duo
643 1699 726 1764 enim
757 1698 920 1783 subiungit
950 1698 1107 1783 exempla,
1137 1700 1248 1785 quibus
1270 1704 1400 1768 oonator

154 1803 316 1871 ostendere
340 1803 426 1869 nulla
448 1822 513 1869 esse
535 1801 667 1887 propria.
698 1802 835 1884 Quorum
857 1821 953 1868 unum
975 1805 1133 1886 sumptum
1156 1806 1204 1868 est
1222 1804 1261 1869 de
1277 1804 1399 1870 actibus

155 1908 381 1993 apostolorum,
404 1909 461 1973 luoo
484 1907 569 1976 soil:
598 1905 813 1974 Multitudinis
845 1904 1037 1973 credentium
1067 1909 1136 1973 erat
1162 1925 1214 1973 oon
1243 1926 1339 1975 ouum
1364 1911 1398 1977 et

154 2013 261 2079 anima
284 2032 362 2090 una;
395 2012 527 2079 alterum
553 2032 571 2078 a
596 2013 739 2090 Platone,
771 2011 839 2077 soil.
867 2009 905 2076 de
927 2010 1047 2076 oivibus
1069 2011 1229 2077 Platonico
1250 2012 1397 2094 eiurata,

153 2118 188 2183 id
210 2119 259 2185 eet
280 2116 364 2183 illius
386 2116 540 2196 civitatis,
563 2135 655 2202 quam
681 2115 772 2182 Plato
794 2114 966 2182 iustissime
987 2114 1163 2182 ordinatam
1184 2115 1278 2183 luisse
1298 2118 1398 2184 testa·

153 2224 218 2289 tur.
241 2221 300 2289 Sed
316 2223 347 2287 in
362 2224 492 2307 utroque
509 2221 646 2305 exemplo
662 2219 808 2305 peccarit.
836 2220 872 2285 lu
889 2218 992 2305 priori,
1011 2220 1085 2304 quia
1100 2270 1286 2289 ........
1309 2222 1398 2305 Quod

155 2328 188 2391 in
211 2326 345 2393 seeundo
364 2326 501 2409 exemplu
521 2325 711 2411 peccaverit,
743 2325 846 2408 palam
877 2326 925 2390 est
946 2324 1203 2410 intelligentibus
1226 2326 1398 2404 Platonem,

155 2431 231 2515 quia
260 2432 382 2497 tantum
410 2430 525 2495 milites
558 2429 643 2496 illius
673 2428 809 2496 civitatis
842 2429 996 2495 debebant
1025 2447 1188 2514 expensam
1217 2429 1332 2498 habere
1361 2429 1399 2497 do

154 2536 320 2615 communi,
344 2554 381 2601 ue
400 2534 530 2619 propriis
550 2534 662 2600 intenti
686 2534 788 2601 minus
811 2535 851 2601 ad
874 2553 1070 2601 eommuuem
1089 2535 1261 2603 utilitatem
1284 2533 1399 2601 milieie

154 2640 355 2707 deservirent.
393 2638 581 2705 Nullateuus
614 2641 718 2705 tamen
752 2639 890 2704 omnium
926 2640 1017 2703 erant
1046 2639 1221 2706 eommunia
1244 2658 1303 2723 que
1326 2657 1397 2723 pos·

153 2744 298 2811 sidebant
317 2744 362 2809 ibi
381 2744 478 2822 uires,
508 2743 582 2829 quia
611 2744 722 2809 saltem
752 2761 810 2808 nun
834 2743 1041 2809 inimieorum.
1082 2742 1131 2807 Ad
1155 2743 1213 2808 hoo
1234 2741 1398 2809 dioendum

154 2868 215 2916 non
229 2868 294 2915 esse
307 2850 429 2925 mirum,
451 2848 477 2913 si
488 2848 670 2933 quaudoque
683 2850 779 2913 bonus
795 2846 945 2912 dormitat
962 2846 1125 2912 Homerus.
1156 2846 1301 2911 Preterea
1316 2864 1398 2929 mag.

152 2952 322 3019 Gratianus
338 2953 532 3036 conpetentis
547 2952 687 3036 exempla
703 2952 814 3017 habere
832 2969 889 3016 nuo
906 2950 1025 3035 potuit;
1044 2952 1076 3015 et
1091 2949 1161 3016 ideo
1174 2948 1397 3034 indulgendum

152 3056 313 3135 estetsi
335 3057 396 3122 ista
419 3059 530 3139 posuit.
557 3056 639 3138 Quia
659 3054 749 3122 modo
772 3074 832 3121 non
855 3056 903 3120 est
925 3054 985 3120 iste
1001 3053 1130 3121 etleotua
1144 3054 1221 3120 iuris
1237 3052 1397 3133 naturalis,

152 3180 210 3228 neo
230 3162 290 3227 tuit
311 3161 406 3238 lente,
437 3180 472 3226 ex
494 3179 554 3245 quo
578 3160 678 3225 Adam
698 3159 777 3225 lilios
800 3159 915 3225 habere
937 3159 1040 3243 oepit,
1072 3160 1146 3243 quia
1173 3158 1331 3244 probabile
1350 3160 1398 3225 est

152 3265 234 3352 quod
261 3267 370 3331 statim
401 3266 547 3349 oeperunt
570 3283 635 3330 esse
660 3264 788 3349 propria.
838 3262 1058 3331 Verumtamen
1080 3263 1217 3330 ostendit
1238 3263 1291 3331 hie
1314 3282 1398 3347 mag.

152 3370 260 3448 (irat,
291 3370 390 3454 qualis
419 3369 545 3435 deberet
575 3388 641 3435 esse
661 3370 787 3435 euectus
809 3368 887 3434 iuris
912 3367 1072 3435 naturalis.
1113 3366 1202 3434 Siout
1227 3368 1311 3432 enirn
1333 3367 1398 3433 illis

151 3473 259 3540 omnia
279 3478 366 3540 eraut
389 3474 575 3551 eommunia,
597 3492 724 3557 quorum
747 3476 815 3538 erat
837 3492 890 3539 eor
913 3492 1009 3538 unum
1032 3472 1104 3550 ete..
1127 3472 1159 3536 et
1178 3471 1260 3537 siout
1282 3470 1398 3537 milites

156 3579 307 3645 Platonici
330 3578 368 3644 de
390 3578 545 3644 communi
569 3579 722 3657 meabant,
747 3578 793 3642 ita
813 3577 881 3643 iure
905 3576 1042 3643 naturali
1066 3575 1208 3641 omuibus
1227 3574 1330 3641 omnia
1344 3574 1399 3641 de·

152 3684 263 3749 berent
285 3701 350 3748 esse
370 3682 555 3750 eommunia.
600 3682 633 3748 Si
657 3702 730 3767 ergo
755 3682 797 3750 ll.
819 3682 858 3747 (l.
891 3700 948 3746 non
977 3680 1065 3765 pouit
1091 3680 1263 3764 exemplum
1287 3698 1397 3764 usque·

151 3806 274 3872 quaque
297 3787 464 3866 sufficiens,
491 3788 663 3853 esttamen
686 3787 768 3871 quod
791 3786 869 3852 dioit
884 3786 915 3851 iu
933 3788 1020 3870 parte
1037 3784 1215 3869 proficiens3
1238 3785 1301 3851 ista
1316 3784 1397 3851 euim

153 3892 294 3976 exempla
317 3911 374 3958 non
399 3892 567 3969 sufficiunt,
592 3892 645 3958 sed
662 3891 826 3975 proliciunt
843 3940 977 3959 ......
1001 3889 1085 3956 Nota
1107 3888 1189 3972 quod
1205 3889 1331 3973 quidam
1341 3887 1398 3975 ⁸⁰⁸)

153 3997 263 4061 dieunt
286 3996 446 4063 Platonem
470 3996 553 4081 loqui
577 3996 620 4062 ibi
642 3996 680 4061 de
704 3996 820 4081 nuptiis
836 3995 1031 4061 catharorum
1047 3997 1080 4059 et
1096 4012 1165 4059 eum
1181 3994 1314 4059 sensisse
1327 3991 1399 4059 illae

152 4118 221 4167 esse
244 4101 460 4180 celebrandam
493 4100 546 4166 sed
578 4118 632 4167 uos
659 4120 730 4166 eum
754 4118 898 4166 excusare
919 4098 1053 4166 solemus
1075 4097 1108 4163 iu
1130 4096 1261 4183 legendo
1282 4097 1397 4163 libmm

152 4205 252 4289 ipsius
264 4204 328 4291 Μ).
346 4242 385 4253 -
404 4206 460 4272 llie
486 4205 693 4291 Xrltuterung
717 4204 755 4272 ad
779 4224 805 4271 o.
825 4206 854 4272 l.
871 4204 907 4272 D.
924 4205 944 4269 8
961 4222 988 4270 r.
1011 4201 1086 4269 tolle
1106 4201 1179 4288 jura
1201 4203 1259 4273 eto.
1283 4203 1327 4271 ist
1347 4202 1399 4271 eiu

255 4382 319 4536 ἓξὲξ
338 4380 402 4523 iii
412 4397 505 4522 {1133
515 4466 609 4533 sane,
632 4468 731 4523 verene
751 4466 863 4523 senune
881 4466 1054 4536 (uersum.
1072 4466 1103 4534 n,
1119 4464 1181 4536 nx)
1198 4466 1318 4530 annuet,
1337 4465 1395 4520 esu

150 4570 181 4609 er
199 4551 319 4623 folgern.
341 4553 403 4608 dass
424 4552 472 4607 der
491 4554 632 4610 Veniaeser
649 4553 890 4609 »wahrsolreinlioh
907 4554 936 4609 in
954 4554 1048 4609 Paris«
1074 4554 1157 4609 »llber
1172 4554 1275 4609 Pluto’e
1292 4550 1396 4606 Politil

151 4640 221 4696 lu«.
256 4638 338 4709 (Kein
355 4639 473 4706 Zaeiiel,
491 4640 553 4697 daas
572 4642 684 4697 Sohulte
702 4641 805 4697 Plato’s
823 4640 958 4709 Republik
973 4640 1012 4696 im
1030 4640 1108 4711 Auge
1126 4640 1183 4706 luat,
1200 4637 1307 4694 olrrrohl
1324 4636 1397 4693 aeine
