3275 4917
249 234 289 295 60
355 251 473 317 Sirapcr,
495 249 638 318 Beilrdpe
656 266 713 303 aar·
733 250 926 321 Wurdipunp
948 251 1003 305 ulcr
1025 250 1387 306 llecrctialcrrlilteraiur.

248 421 297 486 vel
320 420 474 486 veteribus
497 423 530 486 ιι
553 421 583 485 in
603 420 683 487 libro
706 420 934 488 irrlortiutorum
957 420 996 505 (ι)
1028 420 1123 485 nichil
1157 421 1396 506 invenieturffl)
1418 442 1492 489 cun·

247 525 429 601 trarietatis,
450 525 513 603 sed,
539 529 574 589 ιιι
597 525 714 590 dictum
739 528 796 604 est,
820 527 851 591 in
872 524 1146 592 consuetudinibus
1169 525 1304 608 scriptis.

350 629 434 695 loiri.
450 629 497 721 ‘ad
521 650 549 695 v.
572 631 711 696 transire
728 652 788 713 per
810 652 923 715 aprum
945 632 1003 699 ce.

352 734 521 820 assignata
550 734 725 799 differentia
752 735 833 801 inter
863 735 912 800 ins
943 734 1081 800 divinum
1110 736 1142 800 et
1171 734 1220 799 ius
1246 734 1414 802 humanum
1438 757 1494 821 per

247 839 470 923 appellationes
503 838 667 905 eorundem
698 859 777 904 nuno
808 840 950 924 assignat
979 840 1010 903 in
1043 858 1075 903 re
1103 839 1170 921 ipsa
1198 839 1406 905 intercedam
1431 842 1491 906 dit·

248 944 429 1021 serenillam,
462 962 521 1009 nun
544 943 642 1009 solum
667 944 874 1021 ostendendo,
905 944 978 1026 quid
1003 943 1192 1027 appelletur,
1223 944 1274 1010 sed
1299 946 1394 1011 etiarn
1416 947 1492 1029 quid

247 1050 289 1113 sit
311 1048 449 1113 divinum
473 1049 520 1112 ius
540 1050 572 1114 et
593 1068 651 1113 non
676 1048 864 1127 humanum,
889 1048 994 1113 dicens
1018 1049 1064 1113 fas
1088 1066 1170 1126 esse,
1193 1067 1251 1114 uon
1272 1048 1333 1127 ius,
1358 1051 1491 1115 transire

248 1172 299 1235 per
323 1172 433 1235 agrum
455 1152 600 1217 alienum.
634 1152 728 1233 Quasi
751 1152 886 1221 diceret:
910 1152 1014 1218 diuino
1036 1152 1100 1219 sire
1123 1152 1258 1218 naturali
1281 1154 1347 1219 iure
1369 1154 1491 1221 licitum

237 1259 295 1321 -es't
317 1256 449 1321 transire
473 1276 525 1338 per·
548 1276 658 1341 agrum
681 1258 828 1335 alienum,
851 1258 1006 1323 nonlicet
1028 1257 1085 1323 boc
1107 1257 1241 1323 humano
1264 1258 1396 1340 positivo
1419 1278 1490 1325 con·

246 1360 457 1426 siretudinariu
482 1362 557 1426 iuro.
595 1360 656 1427 Sed
678 1360 736 1427 hoe
760 1361 882 1427 videtur
903 1361 1027 1439 falsum,
1051 1361 1124 1445 quia
1145 1361 1229 1426 nullo
1251 1362 1317 1427 iure
1340 1362 1414 1428 licet
1436 1364 1491 1429 alii

246 1464 413 1547 dampnum
438 1464 558 1530 inferre.
605 1464 638 1530 Si
660 1484 733 1549 ergo
756 1467 877 1549 segetes
908 1467 941 1530 in
967 1485 1043 1549 agro
1067 1467 1158 1544 sunt,
1188 1466 1339 1549 quomodo
1369 1467 1415 1533 las
1444 1470 1492 1533 cst

246 1570 378 1635 transire
410 1588 462 1653 per
491 1587 601 1654 agrum
631 1570 796 1635 alienum?
840 1569 913 1635 Ideo
947 1569 1125 1635 addendum
1155 1573 1223 1637 est:
1257 1572 1324 1636 sine
1358 1571 1491 1656 dampno

247 1673 385 1739 alterius.
430 1674 469 1739 ιιι
491 1674 581 1757 quid,
606 1674 632 1737 si
653 1674 845 1757 prohibuerit
867 1674 1010 1739 dominus
1033 1675 1131 1759 agri?
1175 1675 1245 1741 Non
1266 1674 1388 1741 ridetur
1409 1677 1490 1760 quud

246 1778 288 1843 sit
311 1779 357 1842 tas
380 1778 511 1845 transire
534 1778 657 1844 dominu
680 1778 795 1857 invito,
832 1779 955 1844 etiamsi
989 1778 1157 1863 dampnum
1188 1779 1215 1845 ei
1245 1799 1305 1846 non
1328 1779 1490 1848 inferatur.

248 1883 319 1948 ldeo
343 1882 516 1949 addendum
541 1883 674 1949 estates
697 1884 745 1949 est
769 1884 901 1949 transire
924 1902 978 1966 per
994 1903 1103 1967 agrum
1120 1884 1258 1949 alienum
1274 1885 1341 1951 sine
1356 1885 1490 1969 dampno

245 1989 277 2052 ιι
299 1988 365 2052 sine
387 1987 501 2053 iniuria
524 1988 662 2052 alterius.
703 1988 742 2053 [ιι
766 1992 838 2054 note
846 1991 899 2070 155)
923 1989 1015 2071 qnod,
1037 1988 1063 2053 si
1086 1990 1265 2054 transeatur
1286 1990 1374 2073 regia
1388 1992 1488 2055 strata

247 2091 294 2155 vel
316 2090 440 2155 vicinali
464 2091 529 2169 ria,
562 2111 623 2175 qna
657 2092 777 2158 seilicet
798 2093 949 2157 transitur
970 2093 1007 2158 de
1028 2094 1096 2158 vico
1117 2093 1155 2157 ad
1178 2094 1278 2159 sicum
1302 2095 1334 2158 et
1355 2093 1394 2157 de
1416 2094 1491 2159 ville

246 2195 285 2259 ad
321 2195 443 2273 villam,
484 2213 542 2260 nun
576 2196 726 2261 transitur
763 2216 818 2278 per
849 2215 958 2279 agriam
1002 2198 1155 2275 alienum,
1197 2199 1271 2279 quia
1316 2200 1365 2262 via
1405 2201 1491 2283 regie

248 2298 326 2363 nulli
364 2305 411 2363 est
447 2298 563 2376 aliena,
608 2300 721 2365 nullius
759 2302 898 2383 propria,
939 2300 992 2365 sed
1031 2302 1173 2367 corrribus
1210 2304 1397 2380 communis3
1435 2304 1488 2367 scd

246 2403 498 2467 circumiacentes
529 2403 596 2486 agri
619 2404 657 2468 de
679 2406 867 2487 proprietate
897 2405 1069 2489 aliquorum
1093 2409 1174 2474 sunt.
1223 2406 1371 2473 Viciu-alis
1392 2408 1489 2473 ctiam

245 2506 304 2586 aia,
328 2527 389 2591 qua
412 2507 530 2573 vicinus
553 2508 667 2573 transit
688 2509 727 2573 ad
753 2508 898 2587 vicinum,
921 2509 1038 2575 nullius
1060 2512 1108 2577 est
1129 2511 1260 2594 propria,
1284 2511 1339 2577 sed
1355 2512 1489 2578 circum·

246 2611 438 2677 manentium
460 2612 607 2677 omnium.
663 2612 723 2679 Sed
755 2614 781 2677 si
811 2613 856 2678 sie
890 2613 1073 2692 dixerimus,
1108 2615 1220 2681 falsum
1252 2616 1374 2682 ridetur
1406 2617 1489 2700 qnod

246 2715 464 2800 subiungitur:
487 2718 539 2781 ias
560 2736 622 2783 noa
644 2724 697 2793 cst,
723 2718 752 2781 id
776 2721 823 2783 est
850 2720 983 2783 hnmano
998 2719 1064 2784 iure
1080 2738 1138 2785 uon
1155 2719 1229 2785 lieet
1247 2720 1341 2785 alicui
1357 2721 1490 2786 transire

245 2840 274 2904 p.
299 2840 326 2885 a.
349 2841 396 2901 a‚;
432 2820 554 2886 videtur·
586 2822 667 2885 enim
701 2822 782 2905 quod
816 2824 910 2889 etiarn
944 2826 1077 2889 burnano
1106 2826 1172 2888 iure
1200 2824 1320 2889 licitum
1352 2826 1395 2890 sit
1422 2825 1489 2889 sine

244 2925 377 3009 dampno
400 2928 432 2989 ιι
455 2925 567 2990 iniuria
591 2926 723 2991 alicuius
744 2928 767 2992 t.
793 2947 820 3009 p.
847 2948 873 2993 a.
898 2948 925 2994 a.
962 2929 1058 2993 Item:
1082 2928 1213 2994 debetur
1235 2928 1334 2994 michi
1355 2929 1488 2993 seruitus

245 3030 277 3095 in
300 3049 375 3113 agro
396 3030 524 3095 alterius
546 3030 612 3095 iure
634 3032 783 3111 bumauo,
816 3036 851 3096 ut
874 3034 900 3097 si
929 3034 1027 3099 babeo
1050 3034 1081 3097 in
1109 3052 1144 3098 eo
1172 3032 1415 3111 usumfructum,
1440 3033 1488 3101 rol

244 3134 321 3211 iter,
359 3136 395 3199 ιιι
429 3134 456 3196 si
492 3134 584 3216 pedes
619 3136 752 3199 transire
789 3134 935 3221 debcam;
983 3137 1030 3200 vel
1068 3141 1191 3215 aetum,
1229 3140 1265 3202 ut
1301 3136 1489 3203 si‘transire

245 3237 373 3303 debeam
411 3256 523 3320 equum
569 3236 709 3320 pellendo
754 3240 828 3305 ante
871 3260 920 3305 me
962 3241 1010 3306 rel
1047 3244 1116 3324 post
1159 3261 1208 3307 me
1249 3241 1400 3308 trahendo
1440 3242 1490 3308 rel

244 3341 411 3425 equitando
434 3341 483 3406 vel
505 3344 607 3409 erecta
631 3342 759 3420 laneea;
782 3342 831 3409 vel
857 3343 956 3422 viam,
985 3346 1020 3409 ιιι
1045 3345 1073 3410 si
1095 3365 1165 3411 oum
1192 3346 1330 3431 plaustro
1356 3347 1489 3413 transire

243 3446 371 3511 debeam
386 3444 449 3532 ¹⁵⁶).
488 3446 619 3514 Constat
641 3465 714 3531 ergo
738 3447 818 3531 quud
842 3448 908 3513 inre
931 3448 1068 3515 humano
1091 3448 1187 3516 etiem
1208 3450 1332 3516 licitum
1355 3453 1403 3517 est
1418 3454 1440 3520 t.
1458 3473 1487 3535 p.

244 3571 272 3616 a.
296 3570 323 3617 a.
357 3551 454 3619 Item:
477 3551 619 3635 quamuis
641 3550 757 3617 nullam
776 3552 808 3615 in
825 3570 861 3617 ιι
876 3551 1007 3619 babeam
1023 3555 1215 3635 servitutem,
1233 3555 1367 3621 hnmano
1383 3558 1488 3621 ιιιιιιιιι

243 3655 310 3720 iure
334 3654 406 3719 licet
430 3654 524 3720 miehi
547 3656 663 3721 intrare
687 3675 796 3740 agrum
822 3657 951 3721 alterius
974 3658 1013 3722 ad
1036 3659 1209 3725 venandum
1229 3661 1261 3725 ιι
1276 3660 1316 3725 ad
1332 3680 1488 3745 aucupan-

243 3758 328 3839 dum,
352 3759 476 3824 tantum
500 3778 558 3824 non
581 3759 712 3827 interam
734 3760 901 3845 dampnum
927 3763 958 3828 ιι
977 3762 1123 3828 iniuriam
1145 3764 1322 3847 possessori.
1356 3765 1438 3831 Etsi
1455 3765 1487 3828 in

244 3882 319 3948 agro
342 3863 396 3928 illo
418 3863 500 3929 feras
524 3864 571 3930 vel
592 3883 663 3930 aves
686 3884 810 3949 cepero,
840 3885 906 3932 mee
929 3868 1019 3932 erunt
1043 3886 1102 3934 non
1123 3868 1244 3948 minus,
1274 3888 1366 3952 quarn
1396 3870 1423 3934 si
1455 3870 1486 3933 in

243 3967 364 4033 deserto
384 3968 450 4035 loco
473 3968 712 4053 suscepissem,
744 3970 817 4054 qnia
850 3971 931 4055 quod
956 3971 987 4035 in
1009 3972 1125 4037 nullius
1144 3974 1191 4037 est
1212 3973 1300 4039 bunis
1323 3976 1487 4059 occupanti

243 4072 428 4140 conceditur.
479 4073 681 4158 Intelligatur
709 4074 808 4159 igitur
838 4075 899 4141 sic:
932 4076 967 4145 Τ,
1000 4096 1029 4159 p.
1065 4095 1092 4143 a.
1125 4097 1153 4144 a.
1186 4078 1253 4143 sine
1291 4077 1423 4162 dampno
1455 4082 1488 4147 et

348 4264 408 4331 154)
427 4262 489 4320 Ood.
508 4264 569 4321 Vat.
587 4269 615 4320 et
633 4266 723 4337 Mega
745 4270 878 4336 reperitur

347 4350 408 4421 155)
426 4352 478 4406 Die
496 4352 622 4421 lolgende
641 4352 741 4417 Stella,
767 4354 867 4409 welche
896 4354 939 4409 die
967 4357 1042 4425 regia
1065 4360 1154 4413 strata
1176 4376 1223 4414 aur
1244 4360 1367 4415 vicinalis
1388 4360 1432 4413 ria
1457 4360 1487 4413 in

241 4435 393 4506 Gegensatz
412 4437 514 4508 bringt,
532 4440 571 4494 ist
587 4438 723 4495 identiaeh
741 4440 792 4494 mit
805 4440 890 4508 jener,
909 4441 952 4497 dis
970 4442 1090 4508 Schulte,
1109 4444 1205 4500 Gaseh.
1224 4446 1249 4501 d.
1269 4446 1357 4513 Quell.
1376 4464 1401 4501 u.
1418 4447 1485 4502 Litt.

242 4523 256 4577 Ι
275 4524 301 4578 S.
321 4524 370 4578 125
389 4524 442 4579 Nte
463 4525 495 4580 14
512 4525 566 4580 und
586 4526 763 4596 buin-lusu.
783 4526 810 4582 S.
827 4527 898 4591 LIX,
912 4527 951 4582 im
968 4527 1047 4598 nuga
1066 4531 1124 4586 hat.

348 4610 408 4675 156)
426 4610 466 4667 Cf.
486 4612 515 4667 t.
534 4614 548 4666 7
568 4612 632 4682 Dig.
650 4612 683 4668 da
701 4628 770 4668 serr.
788 4613 881 4682 praed.
897 4618 966 4671 rust.
984 4615 1072 4684 (vm,
1090 4617 1127 4686 3).
