3275 4917
287 237 398 311 conpr.
416 240 535 311 raquo.
553 241 582 295 u.
600 240 648 295 11.
666 240 732 297 161.
750 238 825 295 1661
843 241 880 295 ue
898 243 1088 296 amaseae
1106 238 1334 307 coronatorum.
1378 224 1440 291 las

206 411 337 479 cedenti.
383 412 425 477 lit
447 412 537 478 detur
560 413 718 479 decretum
745 412 839 479 feriae
861 412 988 491 IV‚‘15.
1013 412 1191 479 Decembris
1215 413 1308 483 1886.
1353 414 1440 497 Quod

203 516 329 601 quidem
350 516 508 584 decretum
532 518 577 583 ita
599 537 631 583 se
653 518 765 583 habet:
797 518 923 601 Quoties
946 518 1059 602 agatur
1080 517 1117 583 de
1139 518 1194 597 iis,
1220 538 1349 602 qnorum
1372 540 1440 587 cor·

201 640 273 705 pora
293 640 355 686 non
378 622 501 706 propria
520 622 666 707 ipsorum,
691 621 743 687 sed
766 621 867 687 aliena
889 621 1048 689 voluntate
1070 623 1251 689 cremationi
1273 624 1440 690 subiicien-

198 726 259 802 tur,
285 725 441 791 Ecclesiae
464 727 543 791 ritus
564 728 597 792 61
618 726 769 811 suffragia
791 724 933 791 adbiberi
957 744 1044 810 posse
1062 729 1128 792 tum
1152 726 1234 792 domi
1250 730 1316 793 tum
1332 728 1364 792 iu
1381 730 1439 794 llo·

197 829 291 895 clesia
318 849 377 895 nou
407 832 512 896 autem
544 850 639 915 usque
674 830 713 895 ad
745 830 943 897 cremationis
978 830 1097 909 locum,
1131 834 1248 897 remoto
1283 832 1438 899 scandalo.

199 932 385 999 Scandalnm
410 954 479 1000 uero
501 936 650 1001 removeri
673 936 768 1001 etiam
794 934 924 1018 poterit,
945 934 971 999 si
994 937 1101 999 notum
1124 935 1195 1014 fiat,
1220 937 1438 1003 cremationem

198 1058 257 1103 non
281 1039 403 1123 propria
424 1039 562 1105 defuncti
586 1040 746 1105 voluntate
768 1040 901 1105 electam
922 1039 1025 1107 fuisse.
1057 1041 1099 1106 At
1120 1039 1173 1105 ubi
1195 1042 1307 1125 agatur
1330 1041 1367 1107 de
1390 1042 1438 1121 iis,

197 1143 249 1226 qui
274 1143 396 1226 propria
418 1144 578 1210 voluntate
607 1144 827 1210 cremationem
858 1144 1034 1228 elegerunt,
1067 1145 1099 1209 et
1132 1144 1162 1209 in
1192 1145 1249 1210 hac
1278 1146 1438 1212 voluntate

198 1249 338 1312 6611666
362 1249 596 1332 notoriousque
620 1248 657 1313 ad
682 1254 813 1314 mortem
845 1250 1133 1332 perseveraverunt,
1166 1251 1285 1315 attento
1315 1250 1437 1317 decreto

197 1350 530 1430 resalutabat
558 1353 657 1431 1886,
688 1352 842 1435 agendum
874 1370 943 1417 cum
974 1352 1012 1416 iis
1043 1352 1129 1418 iuxta
1157 1371 1280 1419 normas
1303 1355 1437 1421 Ritualis

198 1454 327 1520 Romani
351 1456 414 1522 Tit.
448 1457 568 1540 Quibus
598 1476 656 1521 non
686 1457 760 1523 licet
790 1456 865 1522 dare
888 1456 1130 1523 ecclesiasticam
1153 1458 1354 1541 sepulturam.
1400 1458 1450 1524 ln·

196 1560 318 1626 casibus
341 1562 444 1626 autem
468 1560 727 1645 particularibus,
752 1563 781 1625 iu
805 1561 917 1645 quibus
941 1561 1068 1627 dubium
1094 1560 1141 1627 uel
1164 1560 1334 1627 difficultas
1356 1564 1437 1629 oria-

195 1665 261 1741 tur,
290 1665 494 1731 oonsulendus
524 1666 583 1731 erit
613 1665 811 1744 Ordinarius,
847 1666 898 1749 qui
934 1669 1077 1732 accurate
1107 1667 1263 1751 perpensis
1295 1668 1436 1734 omnibus

196 1768 351 1834 adiunctis
372 1769 402 1833 id
427 1770 587 1849 decernet,
622 1770 702 1853 quod
734 1768 834 1854 magis
864 1771 895 1835 iu
927 1770 1057 1837 Domino
1080 1771 1220 1854 expedire
1242 1771 1435 1839 iudicaverit.

195 1870 348 1955 Sequente
372 1893 442 1939 vero
458 1874 533 1939 feria
553 1894 590 1939 ac
606 1875 655 1940 die
670 1874 778 1941 Samus
794 1875 833 1940 D.
852 1874 890 1942 N.
910 1874 947 1939 D.
967 1876 1025 1940 beo
1043 1874 1110 1939 Diu.
1128 1875 1216 1940 Pron.
1235 1877 1319 1958 Papa
1335 1876 1435 1957 ΧΙΙΙ,

195 1976 325 2042 relatam
349 1978 408 2042 sibi
433 1978 577 2045 limorum
598 1999 635 2044 ac
660 1979 806 2044 limorum
829 1979 958 2044 Patrum
981 1978 1210 2058 resolutionem,
1230 1980 1362 2065 benigne
1378 1981 1434 2045 ad·

195 2081 322 2165 probare
346 2084 378 2148 et
401 2082 582 2149 confirmare
602 2083 750 2168 dignatus
773 2084 829 2148 est.

297 2203 345 2289 (b.
366 2202 411 2286 S.)
654 2206 690 2273 J.
715 2206 873 2286 Mancini,
897 2204 929 2273 S.
952 2204 1045 2275 liet
1074 2202 1110 2273 U.
1134 2205 1163 2271 I.
1188 2206 1347 2276 Notarius.

210 2432 234 2487 2
261 2431 339 2486 Decr.
357 2448 378 2486 a.
397 2429 496 2502 congr.
513 2430 581 2503 llpp.
599 2433 628 2487 et
644 2432 712 2502 Reg.
729 2430 755 2487 d.
775 2431 815 2487 15.
834 2430 898 2487 Deo.
919 2431 987 2488 1893
1005 2429 1038 2486 de
1055 2430 1210 2487 dimissione
1229 2432 1413 2489 Professorum

658 2521 781 2574 uotorum
798 2516 968 2589 simplicium.

451 2666 637 2732 Beatissimo
662 2667 770 2734 Pater!

297 2806 344 2872 lir.
370 2805 509 2889 Raphaol
533 2807 572 2872 ab
596 2808 768 2883 Aureliam,
793 2808 978 2874 Procurator
1002 2805 1161 2873 Generalis
1186 2805 1312 2873 Ordinis
1334 2807 1433 2874 Mino·

194 2931 260 2975 mm
284 2910 315 2975 S.
340 2911 505 2989 francisci,
529 2912 567 2976 ad
592 2912 684 2995 pedes
707 2910 737 2976 S.
755 2912 792 2976 V.
818 2911 1005 2994 provolutus,
1027 2911 1150 2995 exponit
1169 2910 1250 2996 quod
1273 2910 1431 2977 16116616-

191 3016 310 3081 ratioue
332 3015 394 3080 diei
418 3016 468 3080 12.
487 3016 566 3099 junii
586 3017 669 3081 1858
694 3015 808 3081 datae
831 3014 861 3082 S.
887 3016 919 3082 0.
947 3034 1039 3099 super
1061 3017 1146 3082 statu
1170 3015 1371 3100 Regularium
1396 3015 1433 3081 de

192 3120 271 3185 notis
294 3120 485 3203 simplicibus
504 3123 536 3185 et
559 3120 708 3186 facultate
731 3120 920 3186 dimissionis
946 3120 1156 3187 Professorum
1178 3120 1354 3186 eorumdem
1379 3138 1430 3185 ro·

189 3224 292 3289 torum
314 3225 447 3309 legitur:
481 3224 644 3290 ›V.·Lioet
672 3225 711 3289 ad
744 3224 965 3291 decernendam
997 3224 1207 3292 dimissionem
1237 3242 1335 3308 neque
1364 3243 1433 3307 pro·

192 3347 312 3407 cossus,
344 3348 440 3412 neque
460 3328 568 3414 judieii
591 3329 689 3395 forma
712 3330 903 3413 requiratur,
932 3329 985 3395 aad
1018 3330 1057 3396 ad
1085 3348 1153 3395 eam
1183 3328 1305 3412 procedi
1336 3330 1433 3411 possit

191 3433 258 3498 sola
279 3432 354 3498 facti
376 3435 509 3500 veritate
527 3435 677 3517 inspecta,
701 3437 804 3500 tamen
820 3434 991 3517 superiores
1006 3434 1166 3518 procedere
1181 3432 1295 3498 debent
1310 3451 1433 3497 summa
1470 3466 1474 3473 -

192 3537 354 3616 charitato,
380 3538 542 3621 prudentia
562 3541 595 3603 61
613 3558 649 3604 ex
669 3540 764 3623 justis
784 3540 817 3604 et
837 3539 1073 3605 rationabilibus
1094 3537 1225 3604 causis«
1255 3536 1430 3620 Quaeritur,

192 3642 230 3707 ad
253 3642 431 3725 ampliorem
453 3642 486 3707 in
509 3644 567 3708 bac
590 3644 721 3709 materia
743 3643 1013 3723 dilucidationem,
1040 3662 1079 3709 an
1104 3642 1192 3727 justa
1212 3641 1255 3706 sit
1277 3658 1313 3705 66
1337 3642 1430 3707 ratio·

191 3746 304 3811 nabilis
323 3765 428 3825 causa,
458 3746 541 3812 idem
572 3748 723 3814 motivum
751 3747 832 3831 quod
863 3748 972 3813 fuisset
995 3747 1153 3813 sufficiens
1176 3745 1214 3811 ad
1238 3746 1389 3811 nouitium
1413 3765 1432 3811 a

190 3849 374 3933 professione
397 3851 581 3932 arcendum,
611 3852 659 3917 uti
691 3870 710 3917 a
737 3852 892 3917 nonnullis
924 3852 1079 3936 gravitate
1110 3852 1143 3917 et
1166 3850 1320 3934 dignitate
1342 3868 1430 3933 pras·

189 3955 347 4021 stantibus
368 3957 500 4036 tenetur,
522 3976 549 4021 1.
574 3975 604 4039 g.
629 3956 815 4040 aptitudinis
838 3956 975 4023 defectus
994 3956 1032 4021 ad
1050 3955 1175 4022 Ordinis
1188 3954 1301 4035 officia,
1320 3974 1431 4039 quam·

191 4059 237 4125 116
261 4059 377 4125 minora
399 4061 431 4126 et
452 4060 622 4145 respective
644 4062 819 4127 communia
839 4061 997 4139 obeunda,
1030 4060 1110 4127 siout
1132 4059 1350 4143 praedicatoris
1375 4062 1432 4126 aut

190 4163 382 4243 confessarii,
427 4165 475 4231 161
512 4167 606 4231 etiam
645 4166 819 4249 ineptitudo
856 4164 895 4230 ad
930 4165 1135 4249 obligationes
1174 4164 1287 4249 proprii
1328 4168 1430 4231 status

189 4267 422 4352 adimplendas,
447 4270 512 4336 sire
534 4270 565 4335 id
588 4270 706 4336 oriatur
729 4269 881 4336 exanimi
904 4269 1048 4348 16111616,
1078 4270 1126 4335 161
1153 4268 1265 4353 judicii
1296 4269 1430 4347 defectu,

189 4374 236 4438 ita
258 4375 295 4438 ut
317 4372 355 4437 ob
377 4373 552 4457 hujusmodi
575 4393 684 4440 causas
711 4393 730 4439 a
755 4373 970 4459 Superioribus
988 4374 1178 4441 immediatis
1201 4373 1375 4457 recognitas
1398 4375 1431 4439 et

188 4480 347 4563 procerte
371 4476 560 4559 affirmatas,
592 4478 746 4563 professus
778 4481 916 4546 votorum
946 4478 1134 4564 simplicium
1165 4478 1269 4562 potius
1290 4476 1373 4542 oneri
1397 4476 1430 4541 et

187 4583 413 4669 perturbationi
441 4603 535 4669 quam
565 4585 698 4651 utilitati
726 4586 759 4651 et
789 4584 999 4653 aedificationi
1030 4584 1152 4651 futurus
1179 4585 1262 4649 esset
1288 4580 1427 4666 propriae
