3275 4917
384 272 517 329 nicoma.
537 271 632 329 neos
651 272 728 329 ms.
747 273 832 330 xrrr.
852 275 880 328 a.
899 273 943 328 re.
963 272 1057 328 narr.
1074 272 1158 328 ress.
1327 254 1390 321 471

137 444 403 510 confirmavimus.
454 444 486 509 Is
517 446 565 528 pie
596 444 690 510 cessit
718 464 735 511 e
764 446 831 510 rita
859 463 938 510 anno
968 444 1104 527 proximo
1134 444 1308 528 superiore,
1341 446 1392 511 die

139 548 269 615 XXVII
285 550 397 615 mensis
412 549 434 615 J
438 548 513 627 unii,
535 549 728 632 integritate,
749 548 907 633 religione,
930 548 1132 614 beneficentia
1147 549 1391 616 commendatus.

141 654 204 719 Cui
229 654 292 718 viro
316 653 393 719 baec
411 671 531 737 quoque
552 653 717 719 tribuendo
741 653 819 726 lans.
845 653 935 736 quod,
966 653 1146 719 nominatim
1169 655 1276 738 postea
1298 673 1390 739 quam

140 756 270 823 decreta
303 776 338 823 ac
371 757 455 823 iussa
488 760 594 823 omnia
628 757 867 823 constitutionis
906 758 1021 822 Pianae
1055 757 1151 824 »Gom
1182 756 1392 825 ecclesiastica

140 860 328 945 disciplina«
368 859 588 928 demississime
627 864 813 945 accepisset,
852 862 968 947 reliquo
1006 863 1143 944 ternpore
1179 862 1211 927 in
1245 862 1391 947 obsequio

142 966 344 1048 Apostolicae
374 965 462 1033 Sedis
492 967 662 1050 permansit
691 966 790 1033 libens
818 968 850 1031 et
874 970 1027 1033 constans.
1059 1002 1103 1015 -
1138 966 1180 1033 Eo
1208 966 1306 1051 igitur
1334 968 1387 1033 de-

141 1072 276 1149 mortuo,
297 1069 440 1155 Episcopi
465 1070 626 1137 Chaldaici
650 1071 729 1137 ritus
752 1071 785 1136 in
808 1071 959 1155 templum
985 1072 1102 1137 Bootae
1118 1070 1236 1138 Marisa
1254 1071 1391 1157 Virginis

140 1193 237 1258 prope
268 1194 383 1259 pagum
416 1174 552 1240 Allosch
588 1175 627 1239 ad
661 1174 809 1261 synodum
846 1175 1044 1259 congregati,
1075 1175 1201 1265 ¹cunctis
1234 1175 1391 1261 suffragiis

141 1279 247 1344 dixere
285 1279 502 1345 Patriarcham
541 1280 749 1346 venerabilem
792 1280 932 1345 Eratrem
971 1278 1140 1363 Georgium
1179 1279 1388 1348 nucu-Jesum

141 1383 327 1469 Khayyatb‚
354 1383 626 1467 archiepiscopum
652 1384 851 1450 Amidensern
869 1402 922 1449 sen
941 1383 1200 1449 Diarlribirsneem
1216 1382 1389 1451 Chaldaeo·

141 1507 223 1554 rum.
261 1488 398 1553 Litteras
420 1487 479 1553 bac
498 1487 535 1553 de
558 1508 591 1553 re
614 1488 713 1554 Nobis
737 1488 848 1553 misere
872 1488 1014 1573 Episcopi
1037 1486 1275 1573 suffragatores:
1298 1490 1390 1554 item-

141 1610 202 1675 que
226 1592 312 1657 misit
340 1592 524 1658 Patriarcha
554 1592 692 1671 electus,
723 1591 844 1657 adiecta
874 1591 946 1658 fidei
977 1592 1166 1671 catholicae,
1198 1594 1234 1659 ut
1265 1593 1388 1674 assolet,

141 1696 253 1779 suique
287 1716 362 1780 erga
395 1715 553 1775 romanam
583 1696 784 1781 apostolicam
818 1696 988 1762 Ecclesiam
1017 1696 1155 1781 obsequii
1185 1697 1388 1781 professione:

142 1800 255 1883 quibus
277 1800 392 1867 eisdem
412 1800 527 1867 litteris
549 1820 619 1867 curn
642 1802 688 1879 is,
711 1802 780 1865 tum
799 1800 848 1865 illi
872 1801 1032 1884 postulant
1054 1802 1090 1865 ut
1112 1800 1292 1868 electionem
1317 1821 1388 1869 cou-

141 1905 266 1971 firmare
288 1906 429 1990 sacrique
452 1905 546 1971 Pallii
568 1905 713 1971 honorem
736 1906 836 1971 electo
859 1904 996 1970 tribuere
1019 1906 1205 1973 auctoritate
1221 1906 1389 1991 apostolica

143 2009 284 2076 velimus.
324 2009 495 2093 Perspectis
518 2008 643 2093 quidem
663 2009 855 2075 ornamentis
877 2009 973 2075 animi
996 2010 1028 2074 et
1052 2009 1177 2094 ingenii,
1200 2027 1279 2094 quae
1295 2027 1386 2077 sene·

143 2113 272 2179 rabilem
296 2114 436 2181 Fratrem
460 2112 630 2198 Georgium
653 2111 863 2180 Eheu-Josum
890 2113 1060 2198 Khayyath
1083 2113 1314 2191 commendant,
1337 2132 1388 2214 ex·

142 2218 264 2302 plorata
286 2237 355 2303 spes
378 2220 435 2298 eet,
458 2217 598 2283 futurum
623 2218 658 2282 ut
677 2236 870 2283 communem
887 2217 1130 2301 expectationem
1148 2217 1241 2303 digne
1256 2218 1387 2302 expleat,

143 2320 352 2407 collatamque
373 2321 560 2407 dignitatem
577 2340 778 2405 magnacum
794 2321 896 2387 salute
916 2322 1070 2389 Ecclesiae
1084 2321 1271 2390 Chaldaicos
1287 2326 1386 2407 gerat.

143 2427 223 2493 'lota
246 2426 304 2492 bac
326 2429 420 2492 cauas
442 2445 529 2493 sacro
552 2425 687 2492 Gonsilio
711 2426 827 2493 Nostro
851 2425 926 2493 fidei
949 2426 1140 2495 christianae
1171 2427 1388 2512 propagandae

144 2530 278 2614 negotiis
311 2530 520 2597 Ecclesiarum
554 2530 761 2596 Orientalium
794 2529 833 2596 ad
869 2531 1113 2615 cognoscendum
1151 2532 1315 2615 permissa,
1349 2531 1387 2598 de

143 2635 240 2718 ipsius
261 2634 341 2699 sacri
368 2632 498 2700 Goncilii
526 2635 682 2700 sententia
704 2634 909 2699 venerabilem
934 2634 1074 2700 Fratrem
1097 2653 1190 2718 supra
1213 2634 1331 2699 dictum
1355 2636 1386 2699 in

144 2738 359 2805 Patriarcham
383 2738 626 2824 babylonensem
650 2737 876 2805 Chaldaeorum
898 2737 1161 2817 confirmandum,
1192 2739 1280 2823 eique
1313 2738 1385 2804 Pal·

143 2842 229 2921 lium,
253 2843 291 2908 de
308 2844 399 2909 Beati
415 2843 502 2909 Petri
516 2861 640 2928 corpore
657 2845 825 2925 sumptum,
851 2842 940 2908 bodie
957 2841 1184 2909 concedendum
1198 2843 1384 2910 censuimus.

246 2948 356 3032 Itaque
391 2947 577 3013 auctoritate
605 2946 825 3031 omnipotentis
856 2946 930 3025 Dei,
960 2948 1138 3013 sanctornm
1168 2948 1384 3031 Apostolorum

145 3051 228 3116 Petri
249 3054 282 3118 et
306 3051 395 3117 Pauli
426 3070 463 3115 ac
492 3051 624 3129 Nostra,
655 3050 875 3117 confirmamus
905 3053 937 3116 et
967 3051 1173 3136 approbamus
1204 3051 1385 3117 electionem

143 3174 195 3221 ssu
218 3154 492 3239 postulationema
514 3154 742 3221 venerabilibus
764 3155 924 3220 [iratribus
949 3156 1107 3240 Episcopis
1126 3155 1286 3221 Chaldaici
1306 3156 1385 3222 ritus

144 3258 256 3325 iactam
281 3259 319 3324 de
344 3278 472 3343 persona
496 3259 688 3325 Venerabilis
711 3258 830 3325 Eratris
853 3259 979 3345 Georgii
1004 3260 1184 3327 uben-Josu
1204 3260 1384 3345 Kbayyath

144 3383 211 3429 enm
233 3362 445 3448 praeficientes
467 3364 499 3429 in
523 3363 740 3430 Patriarcham
762 3365 795 3429 et
813 3364 971 3431 Pastorem
988 3364 1145 3430 Ecclesiae
1162 3364 1385 3449 Babylonensis

145 3468 382 3549 Chaldaeorum,
405 3470 497 3551 prout
520 3469 552 3533 in
575 3468 697 3533 decreto
716 3469 749 3533 et
770 3468 920 3533 schedula
943 3468 1212 3535 Consisroriaiibus
1235 3469 1384 3553 exprime·

143 3574 209 3638 tur:
243 3573 405 3638 contrariis
438 3573 681 3656 quibuscumque
715 3590 774 3637 non
805 3574 1011 3643 obstantibus.
1063 3572 1099 3639 ln
1122 3573 1255 3639 Nomine
1278 3574 1382 3641 Patris

143 3676 217 3759 †ot
239 3676 311 3743 Eilii
332 3678 354 3759 †
377 3679 409 3744 et
428 3676 563 3762 Spiritus
583 3678 605 3759 †
626 3674 744 3743 Sancti.
783 3678 893 3745 Amen.
