3275 4917
186 274 438 332 commentorem
456 272 486 328 Ρ.
500 272 523 329 1.
536 276 588 329 des
605 271 690 329 Decr.
703 275 761 329 mit
775 274 832 331 der
848 273 936 329 Vorr.
951 274 1146 345 Antlpultole
1157 282 1187 333 ct
1198 279 1290 345 temp.
1354 256 1396 323 77

258 449 306 513 ad
323 466 348 515 c.
371 448 400 511 4.
423 447 461 512 D.
482 447 531 511 11.
555 496 562 511 .
587 497 594 511 .
619 496 627 511 .
651 445 699 511 Ad
716 446 772 511 hoc
794 446 969 525 dicendum,
997 446 1077 530 quod
1099 466 1173 513 usos
1197 449 1244 513 sel
1266 468 1395 515 consue·-

150 554 228 619 tudo
252 572 309 619 non
338 554 441 635 potest
464 551 586 617 siucero
610 552 694 635 leges
732 586 770 599 -
803 570 856 617 eas
884 550 953 616 dico
988 552 1146 616 manentes
1175 551 1258 636 leges
1280 591 1322 600 -
1343 554 1396 619 sed

149 660 253 742 potest
276 656 396 723 vincere
419 657 518 739 leges,
542 654 572 720 id
595 658 642 721 est
666 674 718 721 666
741 655 967 733 institutiones,
992 674 1052 739 que
1074 656 1200 721 luerunt
1223 658 1318 741 leges.
1363 657 1396 723 Si

150 780 225 845 ergo
248 760 341 828 alicui
363 759 545 843 derogatum
571 762 618 825 est
641 759 777 824 moribus
799 759 955 825 utentium
973 759 1007 824 in
1022 760 1219 838 contrariom,
1243 761 1322 827 illud
1336 781 1397 827 uon

150 868 199 931 est
223 868 269 930 lex
293 864 341 931 sel
363 864 537 941 decretum,
569 863 643 947 quia
674 863 961 929 non-observatores
990 864 1038 927 sui
1060 865 1315 948 transgressionis
1338 884 1398 931 non

152 970 274 1053 arguit:
308 968 387 1034 unde
414 966 623 1033 cerimonialia
643 968 675 1031 iu
696 968 791 1033 661661
814 970 1003 1034 testamento
1026 968 1115 1033 modo
1136 986 1196 1035 uon
1218 972 1291 1035 sunt
1314 970 1399 1054 leges

151 1073 319 1139 secundum
344 1072 512 1138 litteralem
536 1072 728 1137 intellectum
750 1075 894 1156 accepta,
927 1074 1002 1156 quia
1036 1091 1091 1138 neo
1116 1073 1161 1138 sic
1194 1074 1400 1140 observantur

152 1198 208 1243 nec
230 1180 302 1242 sunt
323 1175 521 1241 observanda.
574 1173 624 1245 Sic
648 1194 721 1258 ergo
745 1195 817 1240 usus
841 1195 899 1242 non
922 1177 1054 1261 derogat
1077 1177 1217 1263 legibus,
1248 1179 1295 1243 ita
1319 1178 1397 1256 dico,

151 1282 232 1367 quod
256 1283 403 1347 moneant
425 1280 509 1365 leges
534 1332 540 1347 .
566 1328 574 1344 .
599 1330 606 1346 .
631 1278 692 1345 »Ut
708 1279 871 1361 rationem,
887 1280 919 1346 id
935 1284 1048 1347 estius
1064 1287 1193 1347 nature«
1210 1282 1276 1368 ¹¹⁹).
1310 1281 1398 1364 Quod

151 1388 353 1452 subiunctum
374 1388 443 1451 cst:
477 1384 527 1449 »id
551 1385 599 1449 est
620 1384 668 1448 ius
692 1385 818 1449 nature«
854 1405 890 1450 ex
914 1384 992 1451 vicio
1014 1387 1200 1471 scriptorum
1224 1442 1230 1455 .
1256 1441 1263 1454 .
1288 1439 1296 1454 .
1321 1387 1399 1471 legit

150 1492 246 1575 (lclgt
268 1491 317 1557 die
341 1491 389 1556 bei
412 1488 550 1567 Selinitis,
574 1488 684 1553 (166616.
709 1487 1035 1571 d.Quell.uudLitt.
1056 1490 1163 1567 1112,
1187 1491 1397 1574 mitgetlreilte

151 1596 324 1677 8161161111,
348 1596 378 1659 16
403 1592 604 1659 6616166116
629 1593 805 1659 Aulnebme
828 1594 935 1659 666166
957 1593 1135 1660 1116666616
1152 1594 1398 1661 den'l'extGra·

150 1700 246 1764 tian's
274 1700 444 1783 bebauptet
475 1698 537 1763 und
568 1698 634 1763 eine
659 1696 792 1763 Ansicbt
823 1698 1393 1783 (16636166666616661666666161).

155 1804 210 1868 Vel
234 1804 336 1869 aliter.
377 1802 463 1886 erod
494 1801 576 1869 enim
607 1802 725 1867 dictum
756 1804 803 1867 est
829 1820 923 1884 supra
951 1802 1204 1868 consuetudinem
1228 1823 1286 1869 non
1310 1823 1399 1887 posse

153 1909 276 1973 sincere
298 1908 384 1991 leges
404 1908 463 1985 116,
496 1909 532 1971 61
554 1908 698 1972 maneant
723 1906 822 1989 leges,
850 1907 954 1989 mcpr‘r
977 1908 1059 1986 sorte
1088 1906 1220 1989 topicam
1242 1908 1400 1974 ridebitur

150 2032 247 2095 quom
269 2011 430 2077 decretale.
463 2010 503 2075 lit
525 2009 593 2075 ideo
616 2009 747 2075 dicimus
770 2010 988 2075 auctoritatem
1014 2029 1087 2075 usus
1104 2010 1151 2075 vel
1167 2011 1398 2077 consuetudinis

152 2116 205 2182 hic
227 2115 374 2200 appellari
395 2114 444 2180 166
459 2114 773 2192 consuetudinarium,
795 2114 875 2198 quod
897 2134 1051 2197 nunquam
1070 2114 1166 2180 vineit
1182 2115 1343 2195 rationem,
1366 2117 1397 2181 id

151 2223 201 2287 est
216 2221 265 2287 ius
281 2220 432 2299 naturale,
455 2222 487 2284 61
507 2219 607 2302 legam
623 2219 643 2285 i.
659 2236 685 2285 e.
703 2219 929 2285 iustitutionem
946 2219 1198 2297 ecclesiasticam,
1222 2221 1396 2303 generalem

151 2326 238 2403 scil.;
262 2326 310 2391 sel
332 2324 483 2389 rationem
507 2326 538 2387 et
560 2323 670 2407 legem,
692 2322 722 2386 id
747 2324 794 2387 661
818 2323 916 2405 legem
940 2323 1169 2389 rationabiliter
1186 2326 1334 2407 scriptam
1355 2362 1396 2373 -

152 2435 303 2513 penatum
324 2429 368 2495 661
389 2428 541 2494 iodicium
563 2427 710 2511 r'rstellr'pe,
733 2428 807 2509 quia
830 2448 989 2510 nunquam
1005 2430 1100 2494 166166
1117 2431 1223 2509 potius
1245 2430 1399 2496 iudicabit

151 2534 324 2599 6666661666
347 2532 598 2599 consuetudinem
619 2552 713 2614 quom
735 2532 904 2599 6666661666
926 2531 1021 2615 16666(
1031 2534 1086 2616 ²¹¹)
1109 2582 1312 2601 .......

260 2637 307 2701 dd
332 2656 358 2703 c.
384 2638 433 2702 10.
459 2636 495 2701 D.
524 2637 658 2700 12...
684 2687 690 2702 .
724 2636 805 2701 Huic
831 2639 936 2701 autem
966 2635 1087 2701 videtur
1115 2638 1324 2703 contradicere
1346 2659 1398 2705 crr-

154 2740 288 2825 pilulum
310 2760 403 2823 supra
425 2740 569 2823 positum,
595 2740 650 2804 hoc
673 2740 760 2805 scit:
786 2739 862 2822 Quis
884 2740 1001 2804 neseiat
1024 2740 1074 2823 [o.
1101 2740 1149 2806 ll.
1171 2740 1208 2808 D.
1237 2741 1302 2825 ll.]
1327 2790 1334 2807 .
1359 2791 1367 2807 .
1391 2794 1399 2809 .

155 2844 204 2909 Ad
229 2844 284 2909 lroc
306 2844 487 2922 dicendum,
519 2842 598 2927 quod
629 2862 721 2927 supra
742 2843 863 2910 locutus
886 2845 934 2908 661
957 2843 995 2908 (16
1017 2843 1237 2909 consuetudine
1262 2845 1398 2911 llomane

153 2948 299 3027 ecclesie,
321 2968 379 3031 que
399 2950 539 3013 servatur
563 2948 595 3011 in
617 2948 823 3014 celebratione
846 2948 1030 3013 missarum:
1053 2950 1086 3013 61
1109 2967 1198 3013 nemo
1220 2948 1313 3014 debet
1336 2948 1399 3013 alio

155 3052 246 3117 modo
266 3052 394 3118 missurn
417 3051 586 3130 celebrare,
617 3070 710 3135 quem
736 3052 875 3117 Romana
904 3052 1034 3117 ecclesia
1057 3052 1197 3118 instituit
1219 3054 1266 3119 rel
1290 3072 1400 3137 oppro·

154 3157 251 3223 baril.
290 3156 350 3220 llic
373 3158 477 3220 autern
500 3154 637 3244 loquitur
660 3155 697 3219 de
721 3156 791 3221 aliis
814 3156 1103 3224 consuetudinibus:
1124 3157 1169 3222 616
1191 3158 1272 3242 quod
1293 3176 1400 3223 omncs

154 3260 320 3326 comedent
343 3258 435 3325 simul
462 3260 493 3324 in
520 3258 626 3324 ecdem
659 3259 820 3325 refectorio
854 3262 886 3325 61
919 3260 1076 3325 dormiant
1106 3262 1199 3326 simul
1222 3264 1264 3327 ,16
1293 3263 1399 3327 codena

153 3364 335 3429 dormitorio
358 3365 418 3429 616.
440 3364 472 3429 16
497 3364 578 3429 bunc
602 3363 736 3430 modurn.
765 3365 818 3429 Vel
842 3365 946 3430 ibide
969 3365 1118 3449 generali,
1143 3365 1193 3431 lrio
1215 3366 1252 3431 de
1274 3366 1400 3448 speciali

153 3467 385 3534 cousuetudine.
432 3469 487 3534 Vel
518 3468 601 3534 istud
633 3469 809 3552 specialiter
835 3471 1009 3552 Augustino
1035 3488 1223 3535 concessum.
1267 3470 1346 3533 Item
1370 3470 1398 3533 61

153 3570 236 3655 quod
260 3571 353 3649 dicit,
376 3591 435 3638 non
459 3592 505 3637 666
528 3576 653 3658 propter
676 3574 762 3651 loca,
784 3574 836 3638 sed
859 3574 929 3638 loce
948 3577 1072 3657 propter
1095 3592 1144 3638 res
1167 3592 1233 3639 csse
1254 3572 1396 3651 amando,

153 3762 317 3827 1661666166,
334 3763 430 3832 jedoch
448 3766 537 3820 sicher
552 3764 600 3819 der
613 3765 811 3821 16666161661166
825 3765 923 3820 Solium
933 3765 1141 3835 angehbrenden
1156 3764 1251 3833 Quelle
1262 3766 1402 3832 aninalrm,

155 3850 208 3905 mit
225 3848 387 3906 Placentin's
405 3850 515 3906 Summa
533 3852 561 3907 in
573 3850 662 3907 (lodic.
675 3851 765 3917 libros,
779 3847 826 3906 lib'.
841 3852 991 3906 111111111
1005 3851 1081 3921 (odit.
1095 3854 1167 3924 ldog.
1182 3855 1257 3908 1535.
1269 3872 1294 3922 p.
1308 3855 1340 3908 18
1353 3854 1400 3924 a),

155 3952 202 3990 urn
227 3936 284 3992 sich
312 3938 397 3992 661661
423 3954 475 3992 von
504 3937 565 3993 dem
588 3936 792 4007 augeulr'rlligen
811 3936 1005 3993 Unterschiede
1023 3939 1050 3992 in
1070 3938 1118 3994 der
1135 3940 1263 3995 Methode
1281 3940 1337 3996 und
1354 3941 1402 3996 der

156 4022 237 4077 Forrn
257 4022 304 4078 der
323 4022 500 4093 Darstellung
518 4039 551 4078 au
569 4022 746 4093 bberreugen.

260 4109 323 4178 219)
341 4109 432 4180 Vergl.
451 4110 494 4165 die
512 4109 582 4165 Noto
600 4110 633 4164 27
652 4110 826 4180 Friedbsrg's
844 4128 876 4165 nu
896 4110 996 4166 diesem
1013 4111 1130 4181 Capitol.

263 4196 326 4265 220)
344 4196 372 4253 S.
386 4198 444 4263 112,
458 4198 484 4251 Z.
496 4198 513 4250 4
531 4198 568 4250 161
585 4196 752 4253 1618616116
767 4201 839 4253 statt
852 4198 1040 4267 »probabilem
1059 4198 1258 4269 »probabilius«
1271 4216 1303 4255 66
1316 4202 1399 4257 lesan.

261 4284 323 4351 221)
343 4282 430 4339 Sciron
455 4282 700 4340 8616116660.
725 4284 833 4339 111614
859 4286 908 4340 hat
937 4285 1037 4341 (166661
1061 4288 1242 4342 auimerlrsorn
1266 4288 1403 4357 gemacht,

154 4368 217 4423 dass
237 4370 273 4424 im
293 4370 449 4441 Folgenden
469 4372 527 4427 eine
545 4370 631 4425 Stelle
649 4372 926 4441 »166616611666616
944 4373 1018 4427 citirt
1032 4373 1128 4428 werde.
1148 4374 1203 4429 Der
1217 4374 1285 4429 'lert
1301 4376 1403 4429 1661616

154 4454 291 4511 Similiter
310 4456 474 4511 contrarium
493 4457 600 4513 videtur
619 4458 690 4527 quod
708 4458 735 4513 in
754 4460 841 4513 veteri
857 4459 966 4529 digesto
984 4460 1150 4514 continetur:
1176 4460 1243 4515 Cura
1261 4459 1336 4528 leges
1354 4478 1401 4513 nos

155 4560 207 4598 non
226 4546 339 4599 teneant
358 4544 408 4600 nisi
425 4545 588 4601 auctoritate
606 4544 720 4601 Romani
737 4547 842 4615 populi,
860 4546 925 4615 quid
946 4546 1043 4611 relert,
1062 4562 1096 4600 66
1115 4546 1147 4600 Β.
1167 4562 1192 4615 p.
1211 4562 1288 4611 roco,
1305 4562 1340 4600 66
1362 4560 1402 4599 re·

155 4630 204 4683 boa
223 4632 252 4683 61
271 4629 350 4685 166116
368 4631 531 4701 suffragium
549 4648 627 4687 suum
647 4634 800 4703 exprimat?
817 4632 921 4704 (Verpl.
938 4633 959 4701 l.
977 4633 1012 4687 112
1030 4633 1063 4687 D.
1082 4633 1115 4688 ds
1134 4632 1187 4701 leg.
1203 4632 1226 4697 Ι,
1242 4632 1279 4700 b)
