<?xml version="1.0" encoding="UTF-8"?>
<!DOCTYPE html PUBLIC "-//W3C//DTD XHTML 1.0 Transitional//EN"
    "http://www.w3.org/TR/xhtml1/DTD/xhtml1-transitional.dtd">
<html xmlns="http://www.w3.org/1999/xhtml" xml:lang="en" lang="en">
 <head>
  <title>
</title>
<meta http-equiv="Content-Type" content="text/html;charset=utf-8" />
  <meta name='ocr-system' content='tesseract 3.04.00' />
  <meta name='ocr-capabilities' content='ocr_page ocr_carea ocr_par ocr_line ocrx_word'/>
</head>
<body>
  <div class='ocr_page' id='page_1' title='image "./archivfrkatholi26jurigoog/archivfrkatholi26jurigoog_0445.png"; bbox 0 0 3275 4917; ppageno 0'>
   <div class='ocr_carea' id='block_1_1' title="bbox 233 188 1230 276">
    <p class='ocr_par' dir='ltr' id='par_1_1' title="bbox 233 188 1230 276">
     <span class='ocr_line' id='line_1_1' title="bbox 233 188 1230 276; baseline 0.005 -22"><span class='ocrx_word' id='word_1_1' title='bbox 233 188 297 255; x_wconf 81' lang='lat'><strong>440</strong></span> <span class='ocrx_word' id='word_1_2' title='bbox 478 204 619 276; x_wconf 61' lang='lat' dir='ltr'><strong>Quodne</strong></span> <span class='ocrx_word' id='word_1_3' title='bbox 637 204 823 261; x_wconf 71' lang='lat' dir='ltr'><strong>dioecesana</strong></span> <span class='ocrx_word' id='word_1_4' title='bbox 843 204 1080 276; x_wconf 78' lang='lat' dir='ltr'><strong>Arpenttnerrste</strong></span> <span class='ocrx_word' id='word_1_5' title='bbox 1098 221 1127 259; x_wconf 85' lang='lat' dir='ltr'><strong>a.</strong></span> <span class='ocrx_word' id='word_1_6' title='bbox 1146 203 1230 260; x_wconf 76' lang='lat'><em>1894.</em></span> 
     </span>
    </p>
   </div>
   <div class='ocr_carea' id='block_1_2' title="bbox 232 376 1481 776">
    <p class='ocr_par' dir='ltr' id='par_1_2' title="bbox 232 376 1481 776">
     <span class='ocr_line' id='line_1_2' title="bbox 337 376 1481 459; baseline -0.006 -11"><span class='ocrx_word' id='word_1_7' title='bbox 337 377 394 448; x_wconf 84' lang='grc'><strong>84.</strong></span> <span class='ocrx_word' id='word_1_8' title='bbox 425 378 469 444; x_wconf 91' lang='lat' dir='ltr'><strong>Ut</strong></span> <span class='ocrx_word' id='word_1_9' title='bbox 490 379 595 444; x_wconf 89' lang='lat' dir='ltr'><strong>autem</strong></span> <span class='ocrx_word' id='word_1_10' title='bbox 618 378 830 443; x_wconf 70' lang='lat' dir='ltr'><strong>adolescentes</strong></span> <span class='ocrx_word' id='word_1_11' title='bbox 853 378 1048 443; x_wconf 86' lang='lat' dir='ltr'><strong>sacramenta</strong></span> <span class='ocrx_word' id='word_1_12' title='bbox 1069 376 1266 459; x_wconf 81' lang='lat' dir='ltr'><strong>frequentare</strong></span> <span class='ocrx_word' id='word_1_13' title='bbox 1288 377 1481 456; x_wconf 71' lang='lat' dir='ltr'><strong>assuescant,</strong></span> 
     </span>
     <span class='ocr_line' id='line_1_3' title="bbox 232 480 1480 565; baseline -0.002 -16"><span class='ocrx_word' id='word_1_14' title='bbox 232 504 284 549; x_wconf 91' lang='lat' dir='ltr'><strong>eos</strong></span> <span class='ocrx_word' id='word_1_15' title='bbox 306 483 390 549; x_wconf 89' lang='lat' dir='ltr'><strong>intra</strong></span> <span class='ocrx_word' id='word_1_16' title='bbox 410 501 524 548; x_wconf 91' lang='lat' dir='ltr'><strong>annum</strong></span> <span class='ocrx_word' id='word_1_17' title='bbox 548 484 617 565; x_wconf 89' lang='lat' dir='ltr'><strong>post</strong></span> <span class='ocrx_word' id='word_1_18' title='bbox 640 480 770 565; x_wconf 84' lang='lat' dir='ltr'><strong>primam</strong></span> <span class='ocrx_word' id='word_1_19' title='bbox 794 481 1058 559; x_wconf 79' lang='lat' dir='ltr'><strong>communionem,</strong></span> <span class='ocrx_word' id='word_1_20' title='bbox 1091 482 1241 564; x_wconf 90' lang='lat' dir='ltr'><strong>quantum</strong></span> <span class='ocrx_word' id='word_1_21' title='bbox 1272 480 1338 547; x_wconf 88' lang='lat' dir='ltr'><strong>lieri</strong></span> <span class='ocrx_word' id='word_1_22' title='bbox 1366 483 1480 564; x_wconf 90' lang='lat' dir='ltr'><strong>potest,</strong></span> 
     </span>
     <span class='ocr_line' id='line_1_4' title="bbox 233 585 1480 672; baseline 0 -19"><span class='ocrx_word' id='word_1_23' title='bbox 233 587 366 672; x_wconf 83' lang='lat' dir='ltr'><strong>singulis</strong></span> <span class='ocrx_word' id='word_1_24' title='bbox 390 587 546 653; x_wconf 89' lang='lat' dir='ltr'><strong>mensibus</strong></span> <span class='ocrx_word' id='word_1_25' title='bbox 570 586 609 651; x_wconf 89' lang='lat' dir='ltr'><strong>ad</strong></span> <span class='ocrx_word' id='word_1_26' title='bbox 632 589 826 651; x_wconf 89' lang='lat' dir='ltr'><strong>sacramenta</strong></span> <span class='ocrx_word' id='word_1_27' title='bbox 858 586 1067 670; x_wconf 88' lang='lat' dir='ltr'><strong>poenitentiae</strong></span> <span class='ocrx_word' id='word_1_28' title='bbox 1098 586 1130 650; x_wconf 91' lang='lat' dir='ltr'><strong>et</strong></span> <span class='ocrx_word' id='word_1_29' title='bbox 1158 585 1372 651; x_wconf 75' lang='lat' dir='ltr'><strong>Eucharistiae</strong></span> <span class='ocrx_word' id='word_1_30' title='bbox 1396 588 1480 653; x_wconf 89' lang='lat' dir='ltr'><strong>recte</strong></span> 
     </span>
     <span class='ocr_line' id='line_1_5' title="bbox 234 689 932 776; baseline -0.001 -18"><span class='ocrx_word' id='word_1_31' title='bbox 234 692 387 776; x_wconf 85' lang='lat' dir='ltr'><strong>digneque</strong></span> <span class='ocrx_word' id='word_1_32' title='bbox 410 690 604 775; x_wconf 88' lang='lat' dir='ltr'><strong>suscipienda</strong></span> <span class='ocrx_word' id='word_1_33' title='bbox 622 689 773 755; x_wconf 85' lang='lat' dir='ltr'><strong>adducere</strong></span> <span class='ocrx_word' id='word_1_34' title='bbox 799 690 932 774; x_wconf 82' lang='lat' dir='ltr'><strong>expedit.</strong></span> 
     </span>
    </p>
   </div>
   <div class='ocr_carea' id='block_1_3' title="bbox 286 827 1426 915">
    <p class='ocr_par' dir='ltr' id='par_1_3' title="bbox 286 827 1426 915">
     <span class='ocr_line' id='line_1_6' title="bbox 286 827 1426 915; baseline -0.004 -16"><span class='ocrx_word' id='word_1_35' title='bbox 286 830 363 915; x_wconf 79' lang='lat' dir='ltr'><strong>Cap.</strong></span> <span class='ocrx_word' id='word_1_36' title='bbox 393 830 448 898; x_wconf 77' lang='lat' dir='ltr'><strong>Vr.</strong></span> <span class='ocrx_word' id='word_1_37' title='bbox 483 828 534 897; x_wconf 88' lang='lat' dir='ltr'><strong>De</strong></span> <span class='ocrx_word' id='word_1_38' title='bbox 556 831 729 896; x_wconf 81' lang='lat' dir='ltr'><strong>testimonio</strong></span> <span class='ocrx_word' id='word_1_39' title='bbox 751 830 954 914; x_wconf 75' lang='lat' dir='ltr'><strong>consessionis</strong></span> <span class='ocrx_word' id='word_1_40' title='bbox 976 851 997 896; x_wconf 88' lang='lat' dir='ltr'><strong>o</strong></span> <span class='ocrx_word' id='word_1_41' title='bbox 1018 827 1244 913; x_wconf 71' lang='lat' dir='ltr'><strong>confirmandis</strong></span> <span class='ocrx_word' id='word_1_42' title='bbox 1266 829 1426 913; x_wconf 71' lang='lat' dir='ltr'><strong>eaipmsdo.</strong></span> 
     </span>
    </p>
   </div>
   <div class='ocr_carea' id='block_1_4' title="bbox 234 958 1480 1444">
    <p class='ocr_par' dir='ltr' id='par_1_4' title="bbox 234 958 1480 1444">
     <span class='ocr_line' id='line_1_7' title="bbox 337 958 1479 1044; baseline -0.005 -14"><span class='ocrx_word' id='word_1_43' title='bbox 337 959 390 1031; x_wconf 77' lang='lat'><strong>85.</strong></span> <span class='ocrx_word' id='word_1_44' title='bbox 415 960 609 1026; x_wconf 84' lang='lat' dir='ltr'><strong>Renorantes</strong></span> <span class='ocrx_word' id='word_1_45' title='bbox 630 961 902 1044; x_wconf 78' lang='lat' dir='ltr'><strong>praescriptionem</strong></span> <span class='ocrx_word' id='word_1_46' title='bbox 930 958 1065 1025; x_wconf 86' lang='lat' dir='ltr'><strong>Ritnalis</strong></span> <span class='ocrx_word' id='word_1_47' title='bbox 1088 959 1263 1025; x_wconf 88' lang='lat' dir='ltr'><strong>dioecesani</strong></span> <span class='ocrx_word' id='word_1_48' title='bbox 1283 958 1479 1037; x_wconf 86' lang='lat' dir='ltr'><strong>mandamus,</strong></span> 
     </span>
     <span class='ocr_line' id='line_1_8' title="bbox 234 1062 1478 1149; baseline -0.001 -19"><span class='ocrx_word' id='word_1_49' title='bbox 234 1070 270 1130; x_wconf 92' lang='lat' dir='ltr'><strong>ut</strong></span> <span class='ocrx_word' id='word_1_50' title='bbox 287 1065 325 1131; x_wconf 88' lang='lat' dir='ltr'><strong>de</strong></span> <span class='ocrx_word' id='word_1_51' title='bbox 348 1064 535 1131; x_wconf 85' lang='lat' dir='ltr'><strong>contessione</strong></span> <span class='ocrx_word' id='word_1_52' title='bbox 558 1065 775 1130; x_wconf 76' lang='lat' dir='ltr'><strong>sacramentali</strong></span> <span class='ocrx_word' id='word_1_53' title='bbox 798 1064 939 1129; x_wconf 78' lang='lat' dir='ltr'><strong>lactanda</strong></span> <span class='ocrx_word' id='word_1_54' title='bbox 959 1066 1142 1129; x_wconf 90' lang='lat' dir='ltr'><strong>moneantur</strong></span> <span class='ocrx_word' id='word_1_55' title='bbox 1158 1062 1379 1141; x_wconf 82' lang='lat' dir='ltr'><strong>confirmandi;</strong></span> <span class='ocrx_word' id='word_1_56' title='bbox 1403 1064 1478 1149; x_wconf 88' lang='lat' dir='ltr'><strong>quin</strong></span> 
     </span>
     <span class='ocr_line' id='line_1_9' title="bbox 234 1167 1479 1252; baseline -0.002 -17"><span class='ocrx_word' id='word_1_57' title='bbox 234 1170 328 1235; x_wconf 93' lang='lat' dir='ltr'><strong>immo</strong></span> <span class='ocrx_word' id='word_1_58' title='bbox 351 1168 567 1252; x_wconf 88' lang='lat' dir='ltr'><strong>praecipimus,</strong></span> <span class='ocrx_word' id='word_1_59' title='bbox 590 1171 627 1233; x_wconf 88' lang='lat' dir='ltr'><strong>ut</strong></span> <span class='ocrx_word' id='word_1_60' title='bbox 648 1168 860 1235; x_wconf 87' lang='lat' dir='ltr'><strong>testimonium</strong></span> <span class='ocrx_word' id='word_1_61' title='bbox 885 1167 1082 1234; x_wconf 81' lang='lat' dir='ltr'><strong>confessionis</strong></span> <span class='ocrx_word' id='word_1_62' title='bbox 1103 1169 1245 1251; x_wconf 86' lang='lat' dir='ltr'><strong>peractae</strong></span> <span class='ocrx_word' id='word_1_63' title='bbox 1267 1168 1305 1232; x_wconf 95' lang='lat' dir='ltr'><strong>ab</strong></span> <span class='ocrx_word' id='word_1_64' title='bbox 1319 1167 1358 1231; x_wconf 90' lang='lat' dir='ltr'><strong>iis</strong></span> <span class='ocrx_word' id='word_1_65' title='bbox 1372 1168 1479 1252; x_wconf 84' lang='lat' dir='ltr'><strong>exiga-</strong></span> 
     </span>
     <span class='ocr_line' id='line_1_10' title="bbox 234 1271 1480 1358; baseline 0 -19"><span class='ocrx_word' id='word_1_66' title='bbox 234 1276 286 1339; x_wconf 85' lang='lat' dir='ltr'><strong>tur</strong></span> <span class='ocrx_word' id='word_1_67' title='bbox 305 1273 533 1353; x_wconf 88' lang='lat' dir='ltr'><strong>confirmandis,</strong></span> <span class='ocrx_word' id='word_1_68' title='bbox 556 1273 609 1358; x_wconf 88' lang='lat' dir='ltr'><strong>qui</strong></span> <span class='ocrx_word' id='word_1_69' title='bbox 631 1276 719 1338; x_wconf 83' lang='lat' dir='ltr'><strong>extra</strong></span> <span class='ocrx_word' id='word_1_70' title='bbox 738 1273 916 1358; x_wconf 82' lang='lat' dir='ltr'><strong>parochiam</strong></span> <span class='ocrx_word' id='word_1_71' title='bbox 933 1271 1190 1339; x_wconf 84' lang='lat' dir='ltr'><strong>sacramentalem</strong></span> <span class='ocrx_word' id='word_1_72' title='bbox 1208 1273 1392 1357; x_wconf 85' lang='lat' dir='ltr'><strong>peregerunt</strong></span> <span class='ocrx_word' id='word_1_73' title='bbox 1407 1292 1480 1339; x_wconf 87' lang='lat' dir='ltr'><strong>con·</strong></span> 
     </span>
     <span class='ocr_line' id='line_1_11' title="bbox 235 1377 410 1444; baseline -0.006 -2"><span class='ocrx_word' id='word_1_74' title='bbox 235 1377 410 1444; x_wconf 84' lang='lat' dir='ltr'><strong>fossionem.</strong></span> 
     </span>
    </p>
   </div>
   <div class='ocr_carea' id='block_1_5' title="bbox 237 1514 1479 1601">
    <p class='ocr_par' dir='ltr' id='par_1_5' title="bbox 237 1514 1479 1601">
     <span class='ocr_line' id='line_1_12' title="bbox 237 1514 1479 1601; baseline -0.001 -15"><span class='ocrx_word' id='word_1_75' title='bbox 237 1517 314 1601; x_wconf 76' lang='lat' dir='ltr'><strong>cap.</strong></span> <span class='ocrx_word' id='word_1_76' title='bbox 337 1515 413 1585; x_wconf 87' lang='lat' dir='ltr'><strong><em>VII.</em></strong></span> <span class='ocrx_word' id='word_1_77' title='bbox 445 1514 495 1582; x_wconf 88' lang='lat' dir='ltr'><strong>Dc</strong></span> <span class='ocrx_word' id='word_1_78' title='bbox 508 1515 701 1597; x_wconf 62' lang='lat' dir='ltr'><strong>messione</strong></span> <span class='ocrx_word' id='word_1_79' title='bbox 716 1522 788 1582; x_wconf 79' lang='lat' dir='ltr'><strong>onte</strong></span> <span class='ocrx_word' id='word_1_80' title='bbox 802 1518 1041 1584; x_wconf 72' lang='lat' dir='ltr'><strong>nutrimentum</strong></span> <span class='ocrx_word' id='word_1_81' title='bbox 1056 1516 1301 1585; x_wconf 78' lang='lat' dir='ltr'><strong>contrahendum</strong></span> <span class='ocrx_word' id='word_1_82' title='bbox 1315 1516 1479 1601; x_wconf 66' lang='grc'><strong>6189666116.</strong></span> 
     </span>
    </p>
   </div>
   <div class='ocr_carea' id='block_1_6' title="bbox 234 1645 1480 4555">
    <p class='ocr_par' dir='ltr' id='par_1_6' title="bbox 234 1645 1479 2046">
     <span class='ocr_line' id='line_1_13' title="bbox 338 1645 1479 1731; baseline -0.004 -15"><span class='ocrx_word' id='word_1_83' title='bbox 338 1646 395 1717; x_wconf 85' lang='grc'><strong>88.</strong></span> <span class='ocrx_word' id='word_1_84' title='bbox 421 1645 519 1712; x_wconf 81' lang='lat' dir='ltr'><strong>»Cum</strong></span> <span class='ocrx_word' id='word_1_85' title='bbox 542 1646 776 1711; x_wconf 89' lang='lat' dir='ltr'><strong>matrimonium</strong></span> <span class='ocrx_word' id='word_1_86' title='bbox 799 1646 882 1711; x_wconf 90' lang='lat' dir='ltr'><strong>inter</strong></span> <span class='ocrx_word' id='word_1_87' title='bbox 905 1647 1011 1714; x_wconf 85' lang='lat' dir='ltr'><strong>fideles</strong></span> <span class='ocrx_word' id='word_1_88' title='bbox 1026 1666 1121 1712; x_wconf 90' lang='lat' dir='ltr'><strong>unum</strong></span> <span class='ocrx_word' id='word_1_89' title='bbox 1139 1646 1182 1712; x_wconf 89' lang='lat' dir='ltr'><strong>sit</strong></span> <span class='ocrx_word' id='word_1_90' title='bbox 1199 1666 1234 1712; x_wconf 86' lang='lat' dir='ltr'><strong>ax</strong></span> <span class='ocrx_word' id='word_1_91' title='bbox 1249 1648 1365 1731; x_wconf 89' lang='lat' dir='ltr'><strong>septem</strong></span> <span class='ocrx_word' id='word_1_92' title='bbox 1383 1666 1479 1713; x_wconf 90' lang='lat' dir='ltr'><strong>norae</strong></span> 
     </span>
     <span class='ocr_line' id='line_1_14' title="bbox 234 1750 1479 1837; baseline -0.002 -19"><span class='ocrx_word' id='word_1_93' title='bbox 234 1752 314 1837; x_wconf 84' lang='lat' dir='ltr'><strong>legis</strong></span> <span class='ocrx_word' id='word_1_94' title='bbox 336 1750 538 1817; x_wconf 86' lang='lat' dir='ltr'><strong>sacramentis</strong></span> <span class='ocrx_word' id='word_1_95' title='bbox 566 1754 659 1834; x_wconf 84' lang='lat' dir='ltr'><strong>atque</strong></span> <span class='ocrx_word' id='word_1_96' title='bbox 688 1770 705 1816; x_wconf 92' lang='grc'><strong>6</strong></span> <span class='ocrx_word' id='word_1_97' title='bbox 736 1770 863 1817; x_wconf 91' lang='lat' dir='ltr'><strong>numero</strong></span> <span class='ocrx_word' id='word_1_98' title='bbox 894 1771 1015 1831; x_wconf 90' lang='lat' dir='ltr'><strong>eorum,</strong></span> <span class='ocrx_word' id='word_1_99' title='bbox 1044 1771 1123 1836; x_wconf 89' lang='lat' dir='ltr'><strong>quae</strong></span> <span class='ocrx_word' id='word_1_100' title='bbox 1153 1751 1298 1818; x_wconf 91' lang='lat' dir='ltr'><strong>dicuntur</strong></span> <span class='ocrx_word' id='word_1_101' title='bbox 1329 1751 1479 1831; x_wconf 84' lang='lat' dir='ltr'><strong>rivomm,</strong></span> 
     </span>
     <span class='ocr_line' id='line_1_15' title="bbox 235 1854 1479 1940; baseline -0.002 -18"><span class='ocrx_word' id='word_1_102' title='bbox 235 1875 325 1922; x_wconf 92' lang='lat' dir='ltr'><strong>nemo</strong></span> <span class='ocrx_word' id='word_1_103' title='bbox 352 1856 418 1921; x_wconf 89' lang='lat' dir='ltr'><strong>sine</strong></span> <span class='ocrx_word' id='word_1_104' title='bbox 450 1856 537 1940; x_wconf 81' lang='lat' dir='ltr'><strong>graui</strong></span> <span class='ocrx_word' id='word_1_105' title='bbox 568 1854 730 1940; x_wconf 82' lang='lat' dir='ltr'><strong>sacrilegio</strong></span> <span class='ocrx_word' id='word_1_106' title='bbox 760 1855 838 1920; x_wconf 92' lang='lat' dir='ltr'><strong>illud</strong></span> <span class='ocrx_word' id='word_1_107' title='bbox 866 1856 1021 1922; x_wconf 90' lang='lat' dir='ltr'><strong>celebrare</strong></span> <span class='ocrx_word' id='word_1_108' title='bbox 1049 1858 1152 1940; x_wconf 87' lang='lat' dir='ltr'><strong>potest</strong></span> <span class='ocrx_word' id='word_1_109' title='bbox 1179 1856 1210 1920; x_wconf 91' lang='lat' dir='ltr'><strong>in</strong></span> <span class='ocrx_word' id='word_1_110' title='bbox 1243 1858 1331 1922; x_wconf 87' lang='lat' dir='ltr'><strong>statu</strong></span> <span class='ocrx_word' id='word_1_111' title='bbox 1361 1856 1479 1940; x_wconf 90' lang='lat' dir='ltr'><strong>peccati</strong></span> 
     </span>
     <span class='ocr_line' id='line_1_16' title="bbox 235 1958 1323 2046; baseline 0 -19"><span class='ocrx_word' id='word_1_112' title='bbox 235 1961 406 2027; x_wconf 84' lang='lat' dir='ltr'><strong>mortalis«</strong></span> <span class='ocrx_word' id='word_1_113' title='bbox 436 1958 565 2045; x_wconf 85' lang='lat' dir='ltr'><strong>(Bened.</strong></span> <span class='ocrx_word' id='word_1_114' title='bbox 589 1958 684 2037; x_wconf 71' lang='lat' dir='ltr'><strong>xlv..</strong></span> <span class='ocrx_word' id='word_1_115' title='bbox 707 1960 745 2025; x_wconf 90' lang='lat' dir='ltr'><strong>de</strong></span> <span class='ocrx_word' id='word_1_116' title='bbox 766 1979 833 2046; x_wconf 84' lang='lat' dir='ltr'><strong>syn.</strong></span> <span class='ocrx_word' id='word_1_117' title='bbox 858 1960 954 2027; x_wconf 88' lang='lat' dir='ltr'><strong>dioec.</strong></span> <span class='ocrx_word' id='word_1_118' title='bbox 977 1960 999 2026; x_wconf 89' lang='lat' dir='ltr'><strong>l.</strong></span> <span class='ocrx_word' id='word_1_119' title='bbox 1023 1964 1052 2025; x_wconf 85' lang='grc'><strong>8.</strong></span> <span class='ocrx_word' id='word_1_120' title='bbox 1077 1980 1102 2029; x_wconf 92' lang='lat' dir='ltr'><strong>c.</strong></span> <span class='ocrx_word' id='word_1_121' title='bbox 1129 1960 1179 2026; x_wconf 83' lang='lat'><strong>14.</strong></span> <span class='ocrx_word' id='word_1_122' title='bbox 1204 1982 1231 2027; x_wconf 91' lang='lat' dir='ltr'><strong>n.</strong></span> <span class='ocrx_word' id='word_1_123' title='bbox 1258 1960 1323 2045; x_wconf 84' lang='grc'><strong>15.)</strong></span> 
     </span>
    </p>

    <p class='ocr_par' dir='ltr' id='par_1_7' title="bbox 236 2063 1479 2235">
     <span class='ocr_line' id='line_1_17' title="bbox 338 2063 1479 2149; baseline 0.001 -19"><span class='ocrx_word' id='word_1_124' title='bbox 338 2064 449 2148; x_wconf 87' lang='lat' dir='ltr'><strong>ltaque</strong></span> <span class='ocrx_word' id='word_1_125' title='bbox 473 2063 623 2148; x_wconf 89' lang='lat' dir='ltr'><strong>parochus</strong></span> <span class='ocrx_word' id='word_1_126' title='bbox 644 2064 763 2148; x_wconf 88' lang='lat' dir='ltr'><strong>sponsis</strong></span> <span class='ocrx_word' id='word_1_127' title='bbox 782 2065 920 2149; x_wconf 87' lang='lat' dir='ltr'><strong>impense</strong></span> <span class='ocrx_word' id='word_1_128' title='bbox 942 2065 1086 2143; x_wconf 88' lang='lat' dir='ltr'><strong>suadeat,</strong></span> <span class='ocrx_word' id='word_1_129' title='bbox 1108 2067 1145 2131; x_wconf 87' lang='lat' dir='ltr'><strong>ut</strong></span> <span class='ocrx_word' id='word_1_130' title='bbox 1166 2065 1381 2132; x_wconf 89' lang='lat' dir='ltr'><strong>testimonium</strong></span> <span class='ocrx_word' id='word_1_131' title='bbox 1403 2084 1479 2132; x_wconf 90' lang='lat' dir='ltr'><strong>con·</strong></span> 
     </span>
     <span class='ocr_line' id='line_1_18' title="bbox 236 2168 571 2235; baseline 0 0"><span class='ocrx_word' id='word_1_132' title='bbox 236 2168 376 2235; x_wconf 80' lang='lat' dir='ltr'><strong>fessionis</strong></span> <span class='ocrx_word' id='word_1_133' title='bbox 398 2168 571 2235; x_wconf 86' lang='lat' dir='ltr'><strong>exhibeant.</strong></span> 
     </span>
    </p>

    <p class='ocr_par' dir='ltr' id='par_1_8' title="bbox 236 2270 1478 2670">
     <span class='ocr_line' id='line_1_19' title="bbox 339 2270 1478 2358; baseline -0.004 -15"><span class='ocrx_word' id='word_1_134' title='bbox 339 2270 392 2343; x_wconf 80' lang='grc'><strong>87.</strong></span> <span class='ocrx_word' id='word_1_135' title='bbox 424 2272 511 2355; x_wconf 88' lang='lat' dir='ltr'><strong>Quod</strong></span> <span class='ocrx_word' id='word_1_136' title='bbox 534 2272 560 2336; x_wconf 89' lang='lat' dir='ltr'><strong>si</strong></span> <span class='ocrx_word' id='word_1_137' title='bbox 583 2274 714 2337; x_wconf 88' lang='lat' dir='ltr'><strong>renuant</strong></span> <span class='ocrx_word' id='word_1_138' title='bbox 736 2274 769 2338; x_wconf 92' lang='lat' dir='ltr'><strong>et</strong></span> <span class='ocrx_word' id='word_1_139' title='bbox 790 2272 855 2337; x_wconf 87' lang='lat' dir='ltr'><strong>sint</strong></span> <span class='ocrx_word' id='word_1_140' title='bbox 881 2273 1004 2357; x_wconf 88' lang='lat' dir='ltr'><strong>quidem</strong></span> <span class='ocrx_word' id='word_1_141' title='bbox 1028 2272 1141 2340; x_wconf 83' lang='lat' dir='ltr'><strong>occulti</strong></span> <span class='ocrx_word' id='word_1_142' title='bbox 1165 2278 1357 2357; x_wconf 90' lang='lat' dir='ltr'><strong>peccatores,</strong></span> <span class='ocrx_word' id='word_1_143' title='bbox 1389 2293 1478 2358; x_wconf 88' lang='lat' dir='ltr'><strong>prae-</strong></span> 
     </span>
     <span class='ocr_line' id='line_1_20' title="bbox 236 2376 1478 2461; baseline 0.001 -18"><span class='ocrx_word' id='word_1_144' title='bbox 236 2376 332 2443; x_wconf 90' lang='lat' dir='ltr'><strong>missa</strong></span> <span class='ocrx_word' id='word_1_145' title='bbox 354 2377 484 2442; x_wconf 90' lang='lat' dir='ltr'><strong>salutari</strong></span> <span class='ocrx_word' id='word_1_146' title='bbox 504 2376 722 2456; x_wconf 87' lang='lat' dir='ltr'><strong>admonitione,</strong></span> <span class='ocrx_word' id='word_1_147' title='bbox 746 2377 870 2443; x_wconf 87' lang='lat' dir='ltr'><strong>etiamsi</strong></span> <span class='ocrx_word' id='word_1_148' title='bbox 889 2380 1014 2461; x_wconf 87' lang='lat' dir='ltr'><strong>peccata</strong></span> <span class='ocrx_word' id='word_1_149' title='bbox 1029 2397 1086 2444; x_wconf 87' lang='lat' dir='ltr'><strong>sua</strong></span> <span class='ocrx_word' id='word_1_150' title='bbox 1101 2379 1240 2444; x_wconf 85' lang='lat' dir='ltr'><strong>confiteri</strong></span> <span class='ocrx_word' id='word_1_151' title='bbox 1257 2379 1478 2457; x_wconf 81' lang='lat' dir='ltr'><strong>recusaverint,</strong></span> 
     </span>
     <span class='ocr_line' id='line_1_21' title="bbox 236 2480 1477 2567; baseline 0 -21"><span class='ocrx_word' id='word_1_152' title='bbox 236 2500 296 2547; x_wconf 91' lang='lat' dir='ltr'><strong>non</strong></span> <span class='ocrx_word' id='word_1_153' title='bbox 326 2482 399 2547; x_wconf 88' lang='lat' dir='ltr'><strong>sunt</strong></span> <span class='ocrx_word' id='word_1_154' title='bbox 425 2500 444 2547; x_wconf 90' lang='lat' dir='ltr'><strong>a</strong></span> <span class='ocrx_word' id='word_1_155' title='bbox 474 2480 669 2547; x_wconf 86' lang='lat' dir='ltr'><strong>matrimonio</strong></span> <span class='ocrx_word' id='word_1_156' title='bbox 697 2481 888 2549; x_wconf 81' lang='lat' dir='ltr'><strong>excludendi.</strong></span> <span class='ocrx_word' id='word_1_157' title='bbox 930 2480 972 2567; x_wconf 89' lang='lat' dir='ltr'><strong>(S.</strong></span> <span class='ocrx_word' id='word_1_158' title='bbox 999 2482 1031 2549; x_wconf 79' lang='lat' dir='ltr'><strong>(l.</strong></span> <span class='ocrx_word' id='word_1_159' title='bbox 1060 2482 1098 2549; x_wconf 88' lang='lat' dir='ltr'><strong>da</strong></span> <span class='ocrx_word' id='word_1_160' title='bbox 1122 2482 1211 2567; x_wconf 88' lang='lat' dir='ltr'><strong>Prop.</strong></span> <span class='ocrx_word' id='word_1_161' title='bbox 1235 2483 1313 2563; x_wconf 89' lang='lat' dir='ltr'><strong>tide,</strong></span> <span class='ocrx_word' id='word_1_162' title='bbox 1347 2484 1387 2549; x_wconf 84' lang='grc'><strong>21</strong></span> <span class='ocrx_word' id='word_1_163' title='bbox 1412 2503 1477 2567; x_wconf 90' lang='lat' dir='ltr'><strong>apr.</strong></span> 
     </span>
     <span class='ocr_line' id='line_1_22' title="bbox 238 2576 642 2670; baseline 0.005 -19"><span class='ocrx_word' id='word_1_164' title='bbox 238 2586 339 2664; x_wconf 80' lang='grc' dir='ltr'><strong>182ος</strong></span> <span class='ocrx_word' id='word_1_165' title='bbox 362 2587 403 2652; x_wconf 95' lang='grc'><strong>21</strong></span> <span class='ocrx_word' id='word_1_166' title='bbox 427 2588 506 2669; x_wconf 89' lang='lat' dir='ltr'><strong>sept.</strong></span> <span class='ocrx_word' id='word_1_167' title='bbox 533 2576 642 2670; x_wconf 83' lang='grc'><strong>1840.)</strong></span> 
     </span>
    </p>

    <p class='ocr_par' dir='ltr' id='par_1_9' title="bbox 235 2689 1480 3401">
     <span class='ocr_line' id='line_1_23' title="bbox 339 2689 1480 2777; baseline -0.002 -17"><span class='ocrx_word' id='word_1_168' title='bbox 339 2689 395 2760; x_wconf 93' lang='grc'><strong>88.</strong></span> <span class='ocrx_word' id='word_1_169' title='bbox 417 2690 471 2757; x_wconf 87' lang='lat' dir='ltr'><strong>Sin</strong></span> <span class='ocrx_word' id='word_1_170' title='bbox 493 2692 595 2757; x_wconf 88' lang='lat' dir='ltr'><strong>autem</strong></span> <span class='ocrx_word' id='word_1_171' title='bbox 619 2691 723 2775; x_wconf 91' lang='lat' dir='ltr'><strong>sponsi</strong></span> <span class='ocrx_word' id='word_1_172' title='bbox 744 2694 870 2775; x_wconf 88' lang='lat' dir='ltr'><strong>peccata</strong></span> <span class='ocrx_word' id='word_1_173' title='bbox 891 2692 1029 2758; x_wconf 86' lang='lat' dir='ltr'><strong>confiteri</strong></span> <span class='ocrx_word' id='word_1_174' title='bbox 1044 2692 1182 2758; x_wconf 91' lang='lat' dir='ltr'><strong>nolentes</strong></span> <span class='ocrx_word' id='word_1_175' title='bbox 1199 2692 1263 2757; x_wconf 88' lang='lat' dir='ltr'><strong>sint</strong></span> <span class='ocrx_word' id='word_1_176' title='bbox 1278 2712 1347 2759; x_wconf 89' lang='lat' dir='ltr'><strong>rere</strong></span> <span class='ocrx_word' id='word_1_177' title='bbox 1363 2692 1480 2777; x_wconf 92' lang='lat' dir='ltr'><strong>publici</strong></span> 
     </span>
     <span class='ocr_line' id='line_1_24' title="bbox 237 2796 1477 2881; baseline 0.001 -20"><span class='ocrx_word' id='word_1_178' title='bbox 237 2797 411 2880; x_wconf 85' lang='lat' dir='ltr'><strong>peccatores</strong></span> <span class='ocrx_word' id='word_1_179' title='bbox 434 2796 476 2881; x_wconf 84' lang='lat' dir='ltr'><strong>(r.</strong></span> <span class='ocrx_word' id='word_1_180' title='bbox 491 2816 533 2880; x_wconf 76' lang='lat' dir='ltr'><strong>g,</strong></span> <span class='ocrx_word' id='word_1_181' title='bbox 557 2796 611 2880; x_wconf 86' lang='lat' dir='ltr'><strong>qui</strong></span> <span class='ocrx_word' id='word_1_182' title='bbox 631 2796 752 2879; x_wconf 86' lang='lat' dir='ltr'><strong>publice</strong></span> <span class='ocrx_word' id='word_1_183' title='bbox 773 2796 804 2861; x_wconf 93' lang='lat' dir='ltr'><strong>in</strong></span> <span class='ocrx_word' id='word_1_184' title='bbox 823 2798 1026 2862; x_wconf 88' lang='lat' dir='ltr'><strong>concubinatu</strong></span> <span class='ocrx_word' id='word_1_185' title='bbox 1044 2798 1151 2863; x_wconf 83' lang='lat' dir='ltr'><strong>vivunt</strong></span> <span class='ocrx_word' id='word_1_186' title='bbox 1166 2797 1215 2863; x_wconf 87' lang='lat' dir='ltr'><strong>vel</strong></span> <span class='ocrx_word' id='word_1_187' title='bbox 1233 2796 1477 2863; x_wconf 86' lang='lat' dir='ltr'><strong>communionem</strong></span> 
     </span>
     <span class='ocr_line' id='line_1_25' title="bbox 235 2900 1477 2986; baseline 0.002 -22"><span class='ocrx_word' id='word_1_188' title='bbox 235 2900 412 2983; x_wconf 85' lang='lat' dir='ltr'><strong>paschalem</strong></span> <span class='ocrx_word' id='word_1_189' title='bbox 436 2920 494 2965; x_wconf 90' lang='lat' dir='ltr'><strong>non</strong></span> <span class='ocrx_word' id='word_1_190' title='bbox 518 2901 726 2985; x_wconf 85' lang='lat' dir='ltr'><strong>peregerunt),</strong></span> <span class='ocrx_word' id='word_1_191' title='bbox 752 2938 794 2947; x_wconf 97' lang='lat'><strong>—</strong></span> <span class='ocrx_word' id='word_1_192' title='bbox 816 2902 866 2966; x_wconf 89' lang='lat' dir='ltr'><strong>vel</strong></span> <span class='ocrx_word' id='word_1_193' title='bbox 889 2901 971 2967; x_wconf 88' lang='lat' dir='ltr'><strong>siin</strong></span> <span class='ocrx_word' id='word_1_194' title='bbox 994 2903 1205 2986; x_wconf 86' lang='lat' dir='ltr'><strong>contemptum</strong></span> <span class='ocrx_word' id='word_1_195' title='bbox 1229 2901 1277 2967; x_wconf 89' lang='lat' dir='ltr'><strong>rel</strong></span> <span class='ocrx_word' id='word_1_196' title='bbox 1299 2900 1477 2984; x_wconf 89' lang='lat' dir='ltr'><strong>despectum</strong></span> 
     </span>
     <span class='ocr_line' id='line_1_26' title="bbox 236 3003 1476 3089; baseline 0.002 -20"><span class='ocrx_word' id='word_1_197' title='bbox 236 3004 392 3070; x_wconf 70' lang='lat' dir='ltr'><strong>Ecclesiae</strong></span> <span class='ocrx_word' id='word_1_198' title='bbox 415 3003 636 3070; x_wconf 81' lang='lat' dir='ltr'><strong>confessionem</strong></span> <span class='ocrx_word' id='word_1_199' title='bbox 660 3007 808 3084; x_wconf 88' lang='lat' dir='ltr'><strong>renuant,</strong></span> <span class='ocrx_word' id='word_1_200' title='bbox 839 3042 879 3053; x_wconf 95' lang='lat'>-</span> <span class='ocrx_word' id='word_1_201' title='bbox 906 3006 953 3071; x_wconf 89' lang='lat' dir='ltr'><strong>rel</strong></span> <span class='ocrx_word' id='word_1_202' title='bbox 975 3005 1107 3089; x_wconf 89' lang='lat' dir='ltr'><strong>denique</strong></span> <span class='ocrx_word' id='word_1_203' title='bbox 1130 3005 1156 3072; x_wconf 89' lang='lat' dir='ltr'><strong>si</strong></span> <span class='ocrx_word' id='word_1_204' title='bbox 1180 3025 1341 3073; x_wconf 83' lang='lat' dir='ltr'><strong>excomm</strong></span> <span class='ocrx_word' id='word_1_205' title='bbox 1364 3006 1476 3071; x_wconf 87' lang='lat' dir='ltr'><strong>matri-</strong></span> 
     </span>
     <span class='ocr_line' id='line_1_27' title="bbox 237 3108 1479 3192; baseline 0.002 -20"><span class='ocrx_word' id='word_1_206' title='bbox 237 3108 339 3175; x_wconf 87' lang='lat' dir='ltr'><strong>monio</strong></span> <span class='ocrx_word' id='word_1_207' title='bbox 360 3108 427 3173; x_wconf 92' lang='lat' dir='ltr'><strong>sine</strong></span> <span class='ocrx_word' id='word_1_208' title='bbox 447 3109 572 3192; x_wconf 81' lang='lat' dir='ltr'><strong>praevia</strong></span> <span class='ocrx_word' id='word_1_209' title='bbox 595 3108 781 3174; x_wconf 79' lang='lat' dir='ltr'><strong>confessione</strong></span> <span class='ocrx_word' id='word_1_210' title='bbox 797 3109 979 3175; x_wconf 88' lang='lat' dir='ltr'><strong>scandalum</strong></span> <span class='ocrx_word' id='word_1_211' title='bbox 995 3111 1123 3187; x_wconf 90' lang='lat' dir='ltr'><strong>oriatur,</strong></span> <span class='ocrx_word' id='word_1_212' title='bbox 1147 3113 1222 3176; x_wconf 90' lang='lat' dir='ltr'><strong>tunc</strong></span> <span class='ocrx_word' id='word_1_213' title='bbox 1238 3110 1277 3175; x_wconf 92' lang='lat' dir='ltr'><strong>ad</strong></span> <span class='ocrx_word' id='word_1_214' title='bbox 1294 3110 1479 3176; x_wconf 88' lang='lat' dir='ltr'><strong>contrahen-</strong></span> 
     </span>
     <span class='ocr_line' id='line_1_28' title="bbox 236 3211 1476 3301; baseline 0.002 -24"><span class='ocrx_word' id='word_1_215' title='bbox 236 3211 309 3277; x_wconf 91' lang='lat' dir='ltr'><strong>dum</strong></span> <span class='ocrx_word' id='word_1_216' title='bbox 332 3212 562 3279; x_wconf 90' lang='lat' dir='ltr'><strong>matrimonium</strong></span> <span class='ocrx_word' id='word_1_217' title='bbox 587 3213 713 3279; x_wconf 85' lang='lat' dir='ltr'><strong>admitti</strong></span> <span class='ocrx_word' id='word_1_218' title='bbox 736 3216 900 3298; x_wconf 86' lang='lat' dir='ltr'><strong>nequeunt.</strong></span> <span class='ocrx_word' id='word_1_219' title='bbox 925 3215 985 3300; x_wconf 92' lang='lat' dir='ltr'><strong>(lh.</strong></span> <span class='ocrx_word' id='word_1_220' title='bbox 1009 3252 1051 3263; x_wconf 90' lang='lat'>-</span> <span class='ocrx_word' id='word_1_221' title='bbox 1074 3214 1105 3282; x_wconf 88' lang='lat' dir='ltr'><strong>S.</strong></span> <span class='ocrx_word' id='word_1_222' title='bbox 1123 3214 1155 3284; x_wconf 84' lang='lat' dir='ltr'><strong>O.</strong></span> <span class='ocrx_word' id='word_1_223' title='bbox 1174 3212 1208 3281; x_wconf 84' lang='lat' dir='ltr'><strong>O.</strong></span> <span class='ocrx_word' id='word_1_224' title='bbox 1232 3215 1264 3280; x_wconf 90' lang='lat' dir='ltr'><strong>in</strong></span> <span class='ocrx_word' id='word_1_225' title='bbox 1283 3214 1476 3301; x_wconf 85' lang='lat' dir='ltr'><strong>hloguntina,</strong></span> 
     </span>
     <span class='ocr_line' id='line_1_29' title="bbox 236 3317 506 3401; baseline 0.004 -19"><span class='ocrx_word' id='word_1_226' title='bbox 236 3317 279 3382; x_wconf 84' lang='grc'><strong>28</strong></span> <span class='ocrx_word' id='word_1_227' title='bbox 299 3336 371 3401; x_wconf 82' lang='lat' dir='ltr'><strong>aug.</strong></span> <span class='ocrx_word' id='word_1_228' title='bbox 395 3318 506 3399; x_wconf 80' lang='grc'><strong>1852.)</strong></span> 
     </span>
    </p>

    <p class='ocr_par' dir='ltr' id='par_1_10' title="bbox 235 3421 1480 4137">
     <span class='ocr_line' id='line_1_30' title="bbox 340 3421 1479 3509; baseline -0.002 -17"><span class='ocrx_word' id='word_1_229' title='bbox 340 3421 396 3492; x_wconf 84' lang='grc'><strong>89.</strong></span> <span class='ocrx_word' id='word_1_230' title='bbox 427 3422 554 3503; x_wconf 85' lang='lat' dir='ltr'><strong>Quoties</strong></span> <span class='ocrx_word' id='word_1_231' title='bbox 584 3442 656 3488; x_wconf 91' lang='lat' dir='ltr'><strong>rero</strong></span> <span class='ocrx_word' id='word_1_232' title='bbox 683 3442 719 3488; x_wconf 85' lang='lat' dir='ltr'><strong>ex</strong></span> <span class='ocrx_word' id='word_1_233' title='bbox 739 3423 893 3507; x_wconf 82' lang='lat' dir='ltr'><strong>denegata</strong></span> <span class='ocrx_word' id='word_1_234' title='bbox 917 3423 1112 3491; x_wconf 87' lang='lat' dir='ltr'><strong>matrimonio</strong></span> <span class='ocrx_word' id='word_1_235' title='bbox 1135 3424 1312 3491; x_wconf 87' lang='lat' dir='ltr'><strong>assistentia</strong></span> <span class='ocrx_word' id='word_1_236' title='bbox 1335 3425 1479 3509; x_wconf 82' lang='lat' dir='ltr'><strong>graviora</strong></span> 
     </span>
     <span class='ocr_line' id='line_1_31' title="bbox 237 3525 1479 3616; baseline 0.002 -26"><span class='ocrx_word' id='word_1_237' title='bbox 237 3525 321 3591; x_wconf 91' lang='lat' dir='ltr'><strong>mala</strong></span> <span class='ocrx_word' id='word_1_238' title='bbox 343 3526 486 3612; x_wconf 86' lang='lat' dir='ltr'><strong>parocho,</strong></span> <span class='ocrx_word' id='word_1_239' title='bbox 510 3528 725 3593; x_wconf 87' lang='lat' dir='ltr'><strong>communitati</strong></span> <span class='ocrx_word' id='word_1_240' title='bbox 750 3528 798 3593; x_wconf 90' lang='lat' dir='ltr'><strong>vel</strong></span> <span class='ocrx_word' id='word_1_241' title='bbox 821 3528 896 3612; x_wconf 91' lang='lat' dir='ltr'><strong>ipsis</strong></span> <span class='ocrx_word' id='word_1_242' title='bbox 918 3528 1172 3595; x_wconf 85' lang='lat' dir='ltr'><strong>contrahentibus</strong></span> <span class='ocrx_word' id='word_1_243' title='bbox 1200 3529 1242 3616; x_wconf 91' lang='lat' dir='ltr'><strong>(r.</strong></span> <span class='ocrx_word' id='word_1_244' title='bbox 1267 3550 1324 3615; x_wconf 78' lang='lat' dir='ltr'><strong>gr,</strong></span> <span class='ocrx_word' id='word_1_245' title='bbox 1348 3549 1386 3595; x_wconf 91' lang='lat' dir='ltr'><strong>ne</strong></span> <span class='ocrx_word' id='word_1_246' title='bbox 1409 3548 1479 3614; x_wconf 92' lang='lat' dir='ltr'><strong>per·</strong></span> 
     </span>
     <span class='ocr_line' id='line_1_32' title="bbox 236 3631 1480 3717; baseline 0.002 -19"><span class='ocrx_word' id='word_1_247' title='bbox 236 3633 378 3698; x_wconf 87' lang='lat' dir='ltr'><strong>sererent</strong></span> <span class='ocrx_word' id='word_1_248' title='bbox 400 3631 430 3695; x_wconf 91' lang='lat' dir='ltr'><strong>in</strong></span> <span class='ocrx_word' id='word_1_249' title='bbox 454 3633 601 3715; x_wconf 75' lang='lat' dir='ltr'><strong>peccato)</strong></span> <span class='ocrx_word' id='word_1_250' title='bbox 632 3632 736 3697; x_wconf 88' lang='lat' dir='ltr'><strong>timeri</strong></span> <span class='ocrx_word' id='word_1_251' title='bbox 760 3632 925 3716; x_wconf 86' lang='lat' dir='ltr'><strong>pmdenter</strong></span> <span class='ocrx_word' id='word_1_252' title='bbox 947 3637 1092 3717; x_wconf 90' lang='lat' dir='ltr'><strong>possunt,</strong></span> <span class='ocrx_word' id='word_1_253' title='bbox 1124 3635 1276 3717; x_wconf 89' lang='lat' dir='ltr'><strong>parochus</strong></span> <span class='ocrx_word' id='word_1_254' title='bbox 1299 3634 1365 3701; x_wconf 86' lang='lat' dir='ltr'><strong>Nos</strong></span> <span class='ocrx_word' id='word_1_255' title='bbox 1387 3633 1480 3700; x_wconf 87' lang='lat' dir='ltr'><strong>adeat</strong></span> 
     </span>
     <span class='ocr_line' id='line_1_33' title="bbox 237 3734 1476 3821; baseline 0.003 -21"><span class='ocrx_word' id='word_1_256' title='bbox 237 3736 391 3820; x_wconf 82' lang='lat' dir='ltr'><strong>integram</strong></span> <span class='ocrx_word' id='word_1_257' title='bbox 414 3734 491 3802; x_wconf 84' lang='lat' dir='ltr'><strong>lacti</strong></span> <span class='ocrx_word' id='word_1_258' title='bbox 513 3736 645 3819; x_wconf 89' lang='lat' dir='ltr'><strong>speciem</strong></span> <span class='ocrx_word' id='word_1_259' title='bbox 669 3755 834 3821; x_wconf 82' lang='lat' dir='ltr'><strong>exponens,</strong></span> <span class='ocrx_word' id='word_1_260' title='bbox 865 3738 900 3804; x_wconf 89' lang='lat' dir='ltr'><strong>ut</strong></span> <span class='ocrx_word' id='word_1_261' title='bbox 922 3738 987 3804; x_wconf 87' lang='lat' dir='ltr'><strong>Nos</strong></span> <span class='ocrx_word' id='word_1_262' title='bbox 1011 3738 1119 3804; x_wconf 89' lang='lat' dir='ltr'><strong>habita</strong></span> <span class='ocrx_word' id='word_1_263' title='bbox 1145 3758 1247 3805; x_wconf 89' lang='lat' dir='ltr'><strong>rerum</strong></span> <span class='ocrx_word' id='word_1_264' title='bbox 1271 3740 1476 3805; x_wconf 89' lang='lat' dir='ltr'><strong>circumstan-</strong></span> 
     </span>
     <span class='ocr_line' id='line_1_34' title="bbox 235 3839 1479 3927; baseline 0.003 -22"><span class='ocrx_word' id='word_1_265' title='bbox 235 3840 412 3923; x_wconf 88' lang='lat' dir='ltr'><strong>tiarumque</strong></span> <span class='ocrx_word' id='word_1_266' title='bbox 433 3839 552 3906; x_wconf 88' lang='lat' dir='ltr'><strong>ratione</strong></span> <span class='ocrx_word' id='word_1_267' title='bbox 576 3860 613 3906; x_wconf 91' lang='lat' dir='ltr'><strong>ea</strong></span> <span class='ocrx_word' id='word_1_268' title='bbox 639 3840 847 3920; x_wconf 89' lang='lat' dir='ltr'><strong>declaremus,</strong></span> <span class='ocrx_word' id='word_1_269' title='bbox 876 3862 954 3926; x_wconf 90' lang='lat' dir='ltr'><strong>quae</strong></span> <span class='ocrx_word' id='word_1_270' title='bbox 983 3843 1083 3927; x_wconf 87' lang='lat' dir='ltr'><strong>magis</strong></span> <span class='ocrx_word' id='word_1_271' title='bbox 1112 3844 1144 3908; x_wconf 92' lang='lat' dir='ltr'><strong>in</strong></span> <span class='ocrx_word' id='word_1_272' title='bbox 1178 3844 1307 3909; x_wconf 86' lang='lat' dir='ltr'><strong>Domino</strong></span> <span class='ocrx_word' id='word_1_273' title='bbox 1337 3842 1479 3927; x_wconf 85' lang='lat' dir='ltr'><strong>expedire</strong></span> 
     </span>
     <span class='ocr_line' id='line_1_35' title="bbox 236 3944 1478 4033; baseline 0.001 -23"><span class='ocrx_word' id='word_1_274' title='bbox 236 3944 484 4029; x_wconf 83' lang='lat' dir='ltr'><strong>indicaverimus,</strong></span> <span class='ocrx_word' id='word_1_275' title='bbox 507 3945 630 4011; x_wconf 82' lang='lat' dir='ltr'><strong>exclusa</strong></span> <span class='ocrx_word' id='word_1_276' title='bbox 651 3948 755 4011; x_wconf 88' lang='lat' dir='ltr'><strong>tamen</strong></span> <span class='ocrx_word' id='word_1_277' title='bbox 778 3966 899 4031; x_wconf 89' lang='lat' dir='ltr'><strong>semper</strong></span> <span class='ocrx_word' id='word_1_278' title='bbox 919 3948 1125 4013; x_wconf 87' lang='lat' dir='ltr'><strong>celebratione</strong></span> <span class='ocrx_word' id='word_1_279' title='bbox 1149 3948 1260 4013; x_wconf 89' lang='lat' dir='ltr'><strong>missae</strong></span> <span class='ocrx_word' id='word_1_280' title='bbox 1282 3949 1376 4033; x_wconf 82' lang='lat' dir='ltr'><strong>atque</strong></span> <span class='ocrx_word' id='word_1_281' title='bbox 1395 3949 1478 4014; x_wconf 90' lang='lat' dir='ltr'><strong>omni</strong></span> 
     </span>
     <span class='ocr_line' id='line_1_36' title="bbox 235 4048 1479 4137; baseline 0.002 -22"><span class='ocrx_word' id='word_1_282' title='bbox 235 4049 440 4116; x_wconf 89' lang='lat' dir='ltr'><strong>solemnitate.</strong></span> <span class='ocrx_word' id='word_1_283' title='bbox 457 4048 515 4133; x_wconf 81' lang='grc'><strong>((11.</strong></span> <span class='ocrx_word' id='word_1_284' title='bbox 529 4048 559 4116; x_wconf 97' lang='grc'><strong>8.</strong></span> <span class='ocrx_word' id='word_1_285' title='bbox 571 4049 605 4117; x_wconf 82' lang='grc'><strong>(1.</strong></span> <span class='ocrx_word' id='word_1_286' title='bbox 622 4051 660 4116; x_wconf 87' lang='grc'><strong>(16</strong></span> <span class='ocrx_word' id='word_1_287' title='bbox 676 4051 765 4135; x_wconf 91' lang='lat' dir='ltr'><strong>Prop.</strong></span> <span class='ocrx_word' id='word_1_288' title='bbox 784 4051 805 4118; x_wconf 88' lang='lat' dir='ltr'><strong>l.</strong></span> <span class='ocrx_word' id='word_1_289' title='bbox 822 4052 863 4117; x_wconf 83' lang='lat'><strong>27</strong></span> <span class='ocrx_word' id='word_1_290' title='bbox 879 4070 943 4136; x_wconf 89' lang='lat' dir='ltr'><strong>apr.</strong></span> <span class='ocrx_word' id='word_1_291' title='bbox 964 4053 1061 4132; x_wconf 84' lang='grc' dir='ltr'><strong>182ος</strong></span> <span class='ocrx_word' id='word_1_292' title='bbox 1078 4072 1101 4117; x_wconf 93' lang='lat' dir='ltr'><strong>s.</strong></span> <span class='ocrx_word' id='word_1_293' title='bbox 1120 4054 1211 4119; x_wconf 90' lang='lat' dir='ltr'><strong>Poen.</strong></span> <span class='ocrx_word' id='word_1_294' title='bbox 1231 4053 1270 4117; x_wconf 88' lang='lat'><strong>10</strong></span> <span class='ocrx_word' id='word_1_295' title='bbox 1286 4053 1352 4119; x_wconf 91' lang='lat' dir='ltr'><strong>dec.</strong></span> <span class='ocrx_word' id='word_1_296' title='bbox 1371 4052 1479 4137; x_wconf 84' lang='grc'><strong>1860.)</strong></span> 
     </span>
    </p>

    <p class='ocr_par' dir='ltr' id='par_1_11' title="bbox 235 4152 1480 4555">
     <span class='ocr_line' id='line_1_37' title="bbox 339 4152 1480 4241; baseline 0 -20"><span class='ocrx_word' id='word_1_297' title='bbox 339 4152 395 4224; x_wconf 84' lang='grc'><strong>90.</strong></span> <span class='ocrx_word' id='word_1_298' title='bbox 420 4154 534 4220; x_wconf 83' lang='lat' dir='ltr'><strong>llodem</strong></span> <span class='ocrx_word' id='word_1_299' title='bbox 557 4155 647 4221; x_wconf 91' lang='lat' dir='ltr'><strong>modo</strong></span> <span class='ocrx_word' id='word_1_300' title='bbox 670 4174 703 4220; x_wconf 91' lang='lat' dir='ltr'><strong>se</strong></span> <span class='ocrx_word' id='word_1_301' title='bbox 725 4174 831 4239; x_wconf 85' lang='lat' dir='ltr'><strong>gerere</strong></span> <span class='ocrx_word' id='word_1_302' title='bbox 855 4156 947 4222; x_wconf 90' lang='lat' dir='ltr'><strong>debet</strong></span> <span class='ocrx_word' id='word_1_303' title='bbox 971 4158 1131 4241; x_wconf 90' lang='lat' dir='ltr'><strong>parochus,</strong></span> <span class='ocrx_word' id='word_1_304' title='bbox 1154 4158 1180 4222; x_wconf 95' lang='lat' dir='ltr'><strong>si</strong></span> <span class='ocrx_word' id='word_1_305' title='bbox 1204 4176 1383 4241; x_wconf 90' lang='lat' dir='ltr'><strong>sponsorum</strong></span> <span class='ocrx_word' id='word_1_306' title='bbox 1400 4157 1480 4221; x_wconf 89' lang='lat' dir='ltr'><strong>alter</strong></span> 
     </span>
     <span class='ocr_line' id='line_1_38' title="bbox 235 4258 1477 4340; baseline 0.002 -16"><span class='ocrx_word' id='word_1_307' title='bbox 235 4258 353 4325; x_wconf 89' lang='lat' dir='ltr'><strong>notorie</strong></span> <span class='ocrx_word' id='word_1_308' title='bbox 376 4258 408 4323; x_wconf 93' lang='lat' dir='ltr'><strong>in</strong></span> <span class='ocrx_word' id='word_1_309' title='bbox 431 4277 575 4325; x_wconf 88' lang='lat' dir='ltr'><strong>censuras</strong></span> <span class='ocrx_word' id='word_1_310' title='bbox 597 4259 823 4327; x_wconf 90' lang='lat' dir='ltr'><strong>ecclesiasticas</strong></span> <span class='ocrx_word' id='word_1_311' title='bbox 845 4260 991 4327; x_wconf 89' lang='lat' dir='ltr'><strong>inciderit</strong></span> <span class='ocrx_word' id='word_1_312' title='bbox 1014 4264 1046 4328; x_wconf 90' lang='lat' dir='ltr'><strong>et</strong></span> <span class='ocrx_word' id='word_1_313' title='bbox 1069 4262 1258 4329; x_wconf 89' lang='lat' dir='ltr'><strong>reconciliari</strong></span> <span class='ocrx_word' id='word_1_314' title='bbox 1276 4263 1407 4340; x_wconf 89' lang='lat' dir='ltr'><strong>recuset,</strong></span> <span class='ocrx_word' id='word_1_315' title='bbox 1429 4260 1477 4327; x_wconf 85' lang='lat' dir='ltr'><strong>vel</strong></span> 
     </span>
     <span class='ocr_line' id='line_1_39' title="bbox 235 4362 1480 4451; baseline 0.002 -22"><span class='ocrx_word' id='word_1_316' title='bbox 235 4365 337 4429; x_wconf 74' lang='lat' dir='ltr'><strong>sechim</strong></span> <span class='ocrx_word' id='word_1_317' title='bbox 352 4362 475 4428; x_wconf 89' lang='lat' dir='ltr'><strong>cuidam</strong></span> <span class='ocrx_word' id='word_1_318' title='bbox 491 4364 683 4448; x_wconf 86' lang='lat' dir='ltr'><strong>improbatae</strong></span> <span class='ocrx_word' id='word_1_319' title='bbox 697 4363 872 4449; x_wconf 90' lang='lat' dir='ltr'><strong>adscriptus</strong></span> <span class='ocrx_word' id='word_1_320' title='bbox 890 4366 961 4431; x_wconf 91' lang='lat' dir='ltr'><strong>huic</strong></span> <span class='ocrx_word' id='word_1_321' title='bbox 977 4366 1155 4432; x_wconf 88' lang='lat' dir='ltr'><strong>renuntiare</strong></span> <span class='ocrx_word' id='word_1_322' title='bbox 1171 4367 1258 4443; x_wconf 88' lang='lat' dir='ltr'><strong>nolit,</strong></span> <span class='ocrx_word' id='word_1_323' title='bbox 1274 4386 1310 4431; x_wconf 85' lang='lat' dir='ltr'><strong>ex</strong></span> <span class='ocrx_word' id='word_1_324' title='bbox 1325 4366 1480 4451; x_wconf 79' lang='lat' dir='ltr'><strong>denegata</strong></span> 
     </span>
     <span class='ocr_line' id='line_1_40' title="bbox 236 4468 1477 4555; baseline 0.005 -23"><span class='ocrx_word' id='word_1_325' title='bbox 236 4470 341 4533; x_wconf 90' lang='lat' dir='ltr'><strong>antem</strong></span> <span class='ocrx_word' id='word_1_326' title='bbox 365 4468 544 4533; x_wconf 88' lang='lat' dir='ltr'><strong>assistentia</strong></span> <span class='ocrx_word' id='word_1_327' title='bbox 566 4487 661 4553; x_wconf 78' lang='lat' dir='ltr'><strong>grave</strong></span> <span class='ocrx_word' id='word_1_328' title='bbox 675 4470 856 4535; x_wconf 87' lang='lat' dir='ltr'><strong>scandatum</strong></span> <span class='ocrx_word' id='word_1_329' title='bbox 875 4471 921 4536; x_wconf 87' lang='lat' dir='ltr'><strong>vel</strong></span> <span class='ocrx_word' id='word_1_330' title='bbox 936 4471 1084 4536; x_wconf 90' lang='lat' dir='ltr'><strong>damnum</strong></span> <span class='ocrx_word' id='word_1_331' title='bbox 1100 4472 1173 4537; x_wconf 89' lang='lat' dir='ltr'><strong>oriri</strong></span> <span class='ocrx_word' id='word_1_332' title='bbox 1191 4472 1297 4555; x_wconf 87' lang='lat' dir='ltr'><strong>possit.</strong></span> <span class='ocrx_word' id='word_1_333' title='bbox 1321 4470 1366 4555; x_wconf 88' lang='grc'><strong>(8.</strong></span> <span class='ocrx_word' id='word_1_334' title='bbox 1384 4470 1477 4538; x_wconf 91' lang='lat' dir='ltr'><strong>Posn.</strong></span> 
     </span>
    </p>
   </div>
   <div class='ocr_carea' id='block_1_7' title="bbox 236 4571 1431 4660">
    <p class='ocr_par' dir='ltr' id='par_1_12' title="bbox 236 4571 1431 4660">
     <span class='ocr_line' id='line_1_41' title="bbox 236 4571 1431 4660; baseline 0.005 -25"><span class='ocrx_word' id='word_1_335' title='bbox 236 4573 257 4634; x_wconf 80' lang='lat'>4</span> <span class='ocrx_word' id='word_1_336' title='bbox 280 4571 346 4639; x_wconf 89' lang='lat' dir='ltr'><strong>dec.</strong></span> <span class='ocrx_word' id='word_1_337' title='bbox 372 4572 473 4651; x_wconf 80' lang='grc' dir='ltr'><strong>188ος</strong></span> <span class='ocrx_word' id='word_1_338' title='bbox 492 4572 522 4640; x_wconf 90' lang='grc'><strong>8.</strong></span> <span class='ocrx_word' id='word_1_339' title='bbox 539 4572 573 4641; x_wconf 83' lang='lat' dir='ltr'><strong>C.</strong></span> <span class='ocrx_word' id='word_1_340' title='bbox 590 4573 628 4639; x_wconf 89' lang='lat' dir='ltr'><strong>de</strong></span> <span class='ocrx_word' id='word_1_341' title='bbox 644 4574 732 4657; x_wconf 89' lang='lat' dir='ltr'><strong>Prop.</strong></span> <span class='ocrx_word' id='word_1_342' title='bbox 750 4574 811 4642; x_wconf 87' lang='lat' dir='ltr'><strong>lide</strong></span> <span class='ocrx_word' id='word_1_343' title='bbox 828 4576 847 4639; x_wconf 89' lang='lat'><strong>5</strong></span> <span class='ocrx_word' id='word_1_344' title='bbox 860 4575 1045 4659; x_wconf 75' lang='lat' dir='ltr'><strong>julii18783</strong></span> <span class='ocrx_word' id='word_1_345' title='bbox 1067 4575 1097 4643; x_wconf 92' lang='grc'><strong>8.</strong></span> <span class='ocrx_word' id='word_1_346' title='bbox 1118 4577 1152 4643; x_wconf 88' lang='grc' dir='ltr'><strong>Ο.</strong></span> <span class='ocrx_word' id='word_1_347' title='bbox 1170 4576 1209 4641; x_wconf 92' lang='grc'><strong>21</strong></span> <span class='ocrx_word' id='word_1_348' title='bbox 1228 4576 1303 4643; x_wconf 84' lang='lat' dir='ltr'><strong>febr.</strong></span> <span class='ocrx_word' id='word_1_349' title='bbox 1324 4575 1431 4660; x_wconf 83' lang='lat'>1883.)</span> 
     </span>
    </p>
   </div>
   <div class='ocr_carea' id='block_1_8' title="bbox 0 0 1646 4917">
    <p class='ocr_par' dir='ltr' id='par_1_13' title="bbox 0 0 1646 4917">
     <span class='ocr_line' id='line_1_42' title="bbox 0 0 1646 4917; baseline 0 0"><span class='ocrx_word' id='word_1_350' title='bbox 0 0 1646 4917; x_wconf 95' lang='lat' dir='ltr'><strong> </strong></span> 
     </span>
    </p>
   </div>
  </div>
 </body>
</html>
