3275 4917
250 196 317 261 434
496 208 639 278 senodes
658 211 845 265 dloccceene
865 208 1101 278 Arpealtncnete
1121 222 1150 260 a.
1169 205 1254 261 1894.

254 384 358 449 vinum
379 381 430 467 (R.
457 380 497 447 M.
516 380 620 457 1298,
646 377 770 463 11563)
793 378 831 443 de
848 378 918 467 vite.
949 376 1154 443 hamentabili
1179 377 1284 441 autem
1308 374 1514 457 experientia

254 488 376 554 constat
398 486 507 562 artem,
531 504 592 567 qua
615 486 745 566 utraque
767 482 899 547 materia
922 482 1125 557 adulteratur,
1150 480 1207 545 hoc
1224 478 1346 544 saecrrlc
1361 480 1507 546 incredi-
1611 530 1612 565 p

254 592 308 657 bili
338 590 427 655 modo
456 607 522 655 esse
549 606 750 672 progressam.
795 584 893 666 Quam
924 587 962 650 ob
991 604 1114 651 eausam
1148 584 1317 667 periculum
1350 584 1511 649 materiae
1611 576 1612 587 ’

253 693 410 761 invalidae
431 692 470 757 ad
494 691 752 758 consecrationem
784 688 978 755 adhibendae
1010 689 1058 755 rix
1088 688 1262 754 sufficiente
1290 686 1510 753 sollicitudine

254 796 428 881 praecaveri
454 796 563 877 potest.
610 795 687 861 Cum
710 813 746 858 ex
769 794 831 858 alia
854 796 941 876 parte
965 812 1023 857 non
1048 812 1115 857 raro
1144 792 1283 869 accidat,
1308 793 1343 856 ut
1367 792 1509 857 materia

254 920 307 986 per
327 920 361 967 se
381 899 484 966 salida
505 898 698 982 negligentia
721 897 846 982 parochi
862 896 974 961 illicita
989 896 1055 974 hat,
1084 896 1158 961 baec
1176 896 1284 960 stricte
1307 896 1508 961 observanda
1611 946 1612 1003 3

254 1004 448 1070 deceruimus
460 1024 469 1067 r

358 1106 409 1176 bl.
440 1106 575 1171 Maxima
605 1103 768 1187 diligentia
797 1104 938 1187 parochis
966 1105 999 1169 et
1016 1103 1108 1193 'clero
1131 1104 1302 1187 generatim
1327 1104 1506 1169 curandum
1611 1172 1612 1177 ,

254 1214 319 1288 est,
342 1214 378 1274 ut
401 1210 532 1275 materia
555 1210 685 1291 utraque
708 1207 929 1274 Sanctissimae
959 1206 1174 1273 Eucharistiae
1204 1208 1276 1271 talis
1308 1208 1365 1285 sit,
1400 1209 1508 1291 qualis

253 1315 323 1399 lege
345 1313 450 1379 diuina
472 1314 504 1377 et
526 1311 737 1378 ecelesiastica
761 1312 992 1395 praescribitur.
1611 1308 1612 1397 j

358 1416 411 1486 52.
437 1417 565 1482 Hostiae
588 1436 625 1481 ne
647 1415 728 1500 apud
753 1418 938 1481 mercatores
961 1419 1113 1484 emantur.
1148 1417 1251 1500 Magis
1271 1417 1395 1499 expedit
1412 1436 1469 1482 eas
1489 1436 1508 1481 a
1611 1410 1612 1421 ’

254 1523 476 1588 communitate
499 1520 644 1605 religiosa
671 1521 863 1602 comparari,
895 1519 947 1583 obi
974 1522 1097 1585 constat
1120 1538 1171 1585 eas
1195 1538 1260 1585 esse
1287 1524 1444 1600 recentes,
1474 1521 1507 1584 id
1611 1538 1612 1577 ι

255 1627 320 1702 est,
350 1625 463 1691 abhinc
493 1624 559 1691 dies
580 1623 628 1690 rix
651 1624 829 1708 quindecim
851 1624 1015 1691 contectas.
1062 1624 1230 1707 Nunquam
1255 1623 1358 1708 plures
1379 1624 1507 1689 hestiae
1611 1618 1612 1643 ¹

255 1731 347 1795 simul
367 1732 518 1808 emantur,
542 1728 694 1814 quemad
715 1728 792 1793 duas
815 1728 863 1792 vel
886 1731 949 1793 tres
974 1728 1179 1793 hebdomades
1203 1728 1411 1813 requiruntur.

357 1832 412 1903 53.
437 1833 495 1900 Ubi
519 1833 621 1897 adhuc
643 1852 660 1897 a
683 1832 772 1896 lalcis
788 1832 909 1897 hostiae
925 1832 1138 1910 conficiuntur,
1163 1852 1211 1898 res
1227 1832 1335 1917 exigit,
1359 1832 1505 1911 uitales,

254 1940 280 2003 si
303 1938 437 2003 nondum
458 1936 675 2022 iusiurandum
698 1935 849 2015 dederint,
872 1956 974 2001 coram
999 1937 1132 2019 parocho
1152 1938 1308 2002 cantonali
1333 1938 1366 2002 et
1381 1935 1506 2001 duobus
1611 2010 1612 2021 .

254 2041 388 2107 testibus
421 2040 620 2126 jurejurando
658 2040 840 2124 interposito
876 2040 1060 2123 promittant
1093 2058 1125 2104 se
1161 2040 1292 2105 lerinam
1327 2041 1503 2109 hostiarum
1611 2036 1612 2041 ’

256 2148 486 2229 comparaturos
508 2164 574 2211 esse
596 2148 652 2210 aut
674 2164 711 2209 ex
732 2144 919 2210 monasterio
943 2143 1167 2227 Trappensium
1192 2145 1224 2209 iu
1240 2144 1425 2229 Oelenberg,
1446 2149 1506 2210 aut

255 2270 289 2316 ex
310 2249 480 2315 Seminario
504 2248 622 2313 hlinore
646 2248 905 2326 Zillisheimeusi,
930 2250 985 2313 aut
1007 2268 1025 2312 a
1049 2247 1207 2327 molitore,
1235 2267 1325 2332 quem
1349 2250 1505 2332 parochus

255 2353 438 2433 csnmnalis,
463 2352 595 2436 parocho
618 2352 675 2417 loci
701 2351 791 2416 fidem
813 2351 902 2418 illius
923 2352 981 2417 riri
1001 2352 1033 2416 in
1049 2372 1081 2417 se
1097 2352 1275 2436 recipiente,
1298 2352 1504 2435 jurejurando
1611 2338 1612 2385 l

255 2459 465 2525 obstrinxerit.
505 2456 618 2521 lisdem
644 2456 855 2520 venditoribus
877 2456 966 2521 laicis
987 2456 1153 2539 jurandum
1176 2461 1224 2522 ost
1246 2475 1400 2539 nunquam
1426 2457 1502 2531 lore.
1611 2444 1612 2521 Ϊ

256 2567 292 2628 ut
312 2561 427 2627 hostias
451 2560 592 2638 vendant,
617 2579 695 2642 quae
717 2563 788 2624 ante
811 2559 888 2625 duas
912 2560 1118 2625 hebdomades
1141 2560 1298 2625 conlectae
1321 2561 1394 2625 sint.
1611 2548 1612 2557 ’

359 2664 414 2734 54.
448 2665 490 2730 Ut
519 2664 557 2728 ad
589 2668 730 2729 sanctum
758 2664 950 2730 Sacrificium
981 2665 1133 2730 habeatur
1164 2665 1269 2730 vinurn
1300 2663 1337 2730 de
1364 2664 1428 2729 vite
1451 2663 1503 2729 in·

254 2768 401 2846 dubium.
431 2770 600 2851 parochus,
632 2767 690 2831 nisi
721 2768 786 2850 ipse
815 2786 891 2833 uvas
914 2767 998 2851 prelo
1023 2775 1143 2849 promat
1167 2768 1213 2832 vel
1235 2767 1306 2835 huic
1330 2770 1503 2853 operationi

258 2873 416 2958 invigilet,
444 2873 483 2937 ad
508 2870 693 2937 confratrem
718 2871 854 2936 vinetum
878 2872 1062 2937 incolentem
1087 2871 1134 2937 vel
1157 2870 1195 2935 ad
1220 2870 1314 2936 eliam
1339 2891 1500 2955 personam

256 2979 396 3043 recurrat
417 2980 482 3041 tam
506 2977 669 3060 religiosae
691 2976 906 3053 conscientiae,
926 2977 961 3040 ut
976 2975 1076 3041 omnis
1091 2974 1209 3040 fraudis
1224 2975 1359 3060 suspicio
1376 2996 1503 3061 prorsus

254 3084 458 3148 removeatur.
499 3081 611 3145 Vinum
632 3081 664 3144 in
686 3079 812 3145 cellario
835 3083 978 3146 accurate
1001 3082 1163 3161 tractetur,
1188 3082 1224 3145 ut
1246 3079 1420 3164 limpidum,
1442 3101 1500 3167 pu·

255 3204 323 3250 rum
346 3186 617 3269 incorruptumque
641 3186 810 3249 remaneat.

587 3357 664 3441 Gap.
699 3358 732 3425 V.
769 3354 818 3422 De
840 3358 940 3423 missa
956 3376 1019 3441 pro
1037 3358 1163 3440 populo.

357 3496 410 3565 bb.
441 3495 553 3564 Sedulo
582 3496 755 3580 recogitent
788 3496 912 3579 parochi
943 3514 1036 3579 grave
1067 3496 1126 3562 sibi
1156 3497 1334 3582 impositum
1363 3516 1429 3563 esse
1452 3498 1500 3563 ol-

255 3599 360 3665 lieium
384 3600 496 3665 missae
519 3620 574 3683 pro
601 3600 712 3683 populo
742 3598 943 3682 applicandae
973 3599 1106 3683 singulis
1137 3600 1245 3667 diebus
1275 3601 1438 3667 dominicis
1468 3605 1501 3667 et

254 3701 374 3768 festivis
404 3704 497 3769 etiam
527 3703 694 3787 (Dide-Bt
723 3704 805 3769 1885
830 3703 859 3770 S.
884 3705 937 3785 31)
968 3706 1147 3789 suppressis.
1193 3706 1313 3771 Debent
1343 3726 1413 3771 vero
1440 3706 1500 3790 ipsi

255 3807 381 3871 missam
405 3826 458 3889 pro
481 3807 591 3892 popule
615 3808 740 3884 offerre,
771 3810 865 3872 etiam
889 3809 916 3873 si
939 3828 1096 3874 summum
1119 3828 1242 3875 sacrum
1264 3809 1327 3896 (vel
1349 3830 1429 3895 quae
1451 3810 1499 3875 di·

256 3909 338 3975 citur
361 3909 455 3976 missa
478 3911 673 3998 parochialis)
696 3931 714 3976 a
736 3913 850 3978 vicario
873 3913 1055 3981 celebretur.

359 4011 446 4093 Quod
470 4015 497 4080 si
520 4015 551 4080 in
574 4014 656 4081 diem
680 4016 866 4082 dominicam
890 4016 936 4082 vel
960 4016 1075 4083 festum
1098 4016 1135 4082 de
1155 4021 1318 4101 praecepto
1335 4018 1500 4085 inciderint

255 4117 427 4201 exsequiae,
453 4138 489 4183 ex
510 4120 666 4184 sonantia
686 4121 881 4203 apostolieae
904 4120 993 4186 Sedis
1016 4140 1074 4186 uon
1098 4123 1147 4187 est
1169 4140 1272 4201 causa,
1296 4142 1351 4187 cur
1373 4122 1498 4206 parochi
1611 4178 1612 4183 ,

254 4220 293 4285 ab
317 4220 522 4304 applicatione
548 4243 598 4307 pro
622 4224 733 4308 populo
754 4227 952 4299 excusentur;
987 4244 1042 4290 nee
1074 4224 1177 4291 valent
1202 4227 1441 4311 applicationem
1465 4228 1496 4293 in

254 4325 350 4390 alium
373 4325 561 4391 sacerdotem
584 4328 630 4390 vel
653 4328 691 4390 ad
716 4327 809 4392 aliam
834 4328 914 4392 diem
944 4328 1129 4407 transferre,
1161 4330 1215 4395 sed
1248 4331 1355 4416 utique
1387 4330 1497 4395 debent
1611 4334 1612 4341 ’

252 4428 311 4511 ipsi
331 4448 453 4494 sacrum
477 4448 530 4513 pro
551 4431 662 4513 populo
685 4431 791 4510 litare,
826 4432 920 4497 missa
951 4434 1116 4515 exsequiali
1148 4433 1204 4498 alii
1237 4434 1425 4499 demandata
1448 4454 1496 4501 sa·
1611 4488 1612 4497 .

254 4531 382 4598 cerdati.
