3275 4917
435 224 578 295 Spacdus
595 226 781 281 dioecesana
802 225 1037 295 Arpcnttncaets
1055 242 1084 280 α.
1100 224 1184 281 1894.
1365 206 1430 275 439

186 398 321 482 jusmodi
349 417 477 481 puerum
501 398 584 463 ultra
605 416 720 463 annum
743 396 861 461 remitti
885 414 943 461 non
966 395 1048 464 licet.
1096 397 1194 462 lrnmo
1217 398 1253 462 ut
1273 398 1431 481 quaelibet

187 501 308 578 dilatio,
331 505 480 585 quantum
505 501 571 567 heri
595 502 705 586 potest,
730 500 856 579 uitetur,
880 500 1101 583 permittimus,
1125 504 1161 567 ut
1183 502 1213 566 in
1230 519 1313 582 casu,
1338 522 1429 587 quem

188 606 277 672 modo
300 606 447 684 diximus,
475 625 550 690 puer
576 625 655 671 anno
677 605 745 672 toto
768 608 841 669 ante
863 606 985 687 tempus
1006 606 1211 673 constitutum
1234 606 1273 671 ad
1297 607 1429 690 primam

186 710 325 795 synaxim
353 710 550 777 admittatur.

290 814 407 898 Cuique
437 814 568 899 parocho
600 814 699 897 prima
727 814 902 880 communic
928 832 984 881 sua
1013 814 1110 898 ipsius
1140 814 1171 880 in
1203 814 1350 899 parochia
1379 833 1430 881 ce·

186 918 335 983 lebranda
358 921 426 997 est;
459 918 640 984 mandamus
663 919 785 996 autem,
810 938 848 983 ne
869 918 1004 1002 unquam
1028 919 1181 984 dominica
1203 919 1339 985 Paschae
1363 918 1429 985 hat.

289 1021 343 1092 79.
376 1024 488 1089 Pueros
519 1022 628 1089 lethali
658 1024 763 1089 morbo
788 1022 933 1101 affectos,
962 1022 1014 1106 qui
1046 1022 1084 1087 ad
1108 1023 1283 1107 legitimam
1303 1023 1428 1107 quidem

187 1129 322 1193 aetatem
346 1128 478 1193 nondum
504 1130 715 1211 pervenerunt,
738 1126 791 1192 sed
812 1127 980 1193 sufficienti
995 1126 1179 1193 discretione
1196 1127 1328 1211 praediti
1346 1128 1428 1205 sunt,

186 1232 337 1315 parochus
360 1232 575 1297 convenienter
597 1234 761 1316 praeparet
785 1232 1037 1316 praeparatisque
1061 1231 1113 1297 SS.
1134 1230 1370 1298 Sacramentum
1392 1234 1429 1297 ιιι

186 1336 331 1402 viaticum
355 1336 502 1421 porrigat.
548 1335 607 1401 Sed
638 1336 719 1401 tales
749 1354 876 1419 pueros,
910 1355 980 1402 oum
1015 1336 1245 1414 convaluerint,
1275 1336 1314 1401 ad
1345 1355 1428 1402 oom-

186 1442 360 1507 munionem
395 1441 570 1524 paschalem
609 1439 775 1506 admittere
809 1460 868 1507 non
904 1440 1016 1518 debet,
1050 1440 1146 1505 donec
1179 1440 1310 1523 primam
1345 1459 1428 1506 ccm-

187 1545 362 1610 munionem
386 1546 550 1611 solemnem
574 1544 758 1629 peregerint.

290 1648 346 1719 80.
377 1650 516 1716 Perocho
547 1668 655 1732 pueros
685 1647 724 1713 ad
755 1649 885 1732 primam
915 1648 1160 1714 communionem
1184 1649 1319 1732 proxime
1339 1666 1428 1732 pres·

187 1754 307 1838 paranti
331 1773 422 1819 curae
445 1755 505 1819 erit
528 1754 640 1819 saltem
664 1772 717 1837 per
737 1755 802 1818 tres
826 1752 891 1819 diss
914 1752 1061 1819 exercitia
1085 1753 1262 1837 spiritualia
1277 1772 1346 1817 curn
1363 1751 1428 1816 illia

186 1858 232 1924 ita
251 1857 422 1936 instituere,
446 1860 483 1923 ut
504 1858 637 1941 singulis
660 1856 768 1923 diebus
791 1858 868 1923 dues
885 1856 934 1923 vel
950 1858 1015 1923 tres
1030 1876 1182 1941 congruas
1198 1856 1428 1922 exhortationes

186 1962 510 2048 adeosdirigatffl.
536 1961 1102 2047 miserescentem).

289 2066 340 2137 81.
371 2066 545 2134 Servandus
568 2068 615 2131 est
639 2066 774 2132 moedis
798 2067 916 2151 primae
940 2065 1164 2132 communionis
1188 2064 1333 2149 baptismi
1357 2068 1428 2129 vota

187 2172 351 2237 renovandi
383 2190 498 2237 necnon
525 2171 783 2237 consecrationem
815 2170 1172 2254 commendationemque
1202 2171 1234 2235 in
1268 2168 1426 2254 Virginem

187 2276 244 2341 Dei
267 2276 455 2345 (debitricem
480 2276 716 2359 pronuntiandi;
738 2276 790 2361 qui
815 2295 891 2355 mos,
913 2276 939 2342 si
963 2295 1025 2360 qna
1038 2276 1069 2341 in
1086 2275 1231 2360 parochia
1246 2293 1304 2340 nou
1321 2273 1352 2337 in
1370 2291 1427 2338 usu

186 2381 306 2465 positus
328 2385 385 2460 est,
409 2380 632 2447 introducatur.

289 2486 438 2553 Convenit
462 2486 569 2550 ambas
590 2486 798 2551 caeremonias
817 2485 956 2569 tempore
972 2483 1179 2568 pomeridiano
1198 2487 1266 2568 post
1285 2502 1426 2569 resperas

184 2590 285 2654 locum
306 2589 429 2655 hebere.
460 2588 671 2666 Concedimus,
691 2590 729 2653 ut
743 2589 782 2653 ad
799 2588 890 2653 hucin
906 2608 976 2653 cum
992 2588 1194 2655 sanctissimo
1211 2588 1239 2653 in
1257 2588 1426 2655 ostensorio

185 2692 323 2776 exposito
345 2692 491 2759 solemnis
514 2692 570 2757 hat
592 2692 774 2757 benedictio.

329 2863 409 2947 cap.
438 2865 472 2933 V.
507 2864 558 2931 Dc
579 2866 771 2945 confessicae
787 2884 958 2948 morum
980 2871 1009 2932 et
1029 2864 1279 2933 adolescentium.

287 3005 341 3076 82.
366 3004 516 3089 Quoniam
543 3004 628 3088 pueri
651 3005 840 3071 confessione
863 3005 1080 3071 sacramentali
1102 3004 1238 3089 apprime
1261 3024 1280 3071 a
1301 3008 1425 3089 peccato

183 3111 373 3190 cohibentur,
398 3110 438 3175 ad
461 3110 606 3176 uirtutem
630 3111 735 3175 eutem
758 3110 790 3174 et
810 3127 918 3175 seram
939 3110 1087 3194 pietatem
1109 3110 1305 3176 instruuntur
1328 3110 1425 3176 etita

183 3214 222 3279 ad
244 3214 463 3300 gravissimum
484 3215 601 3298 primae
618 3214 841 3279 communionis
857 3215 961 3280 actum
979 3214 1038 3280 rite
1054 3214 1270 3297 disponuntur,
1290 3214 1423 3298 parochi,

182 3319 294 3385 salutis
317 3319 426 3384 barum
450 3318 624 3384 animarum
644 3318 730 3402 juste
753 3318 894 3397 studiosi,
919 3336 1029 3402 pueros
1051 3318 1081 3382 in
1099 3319 1287 3384 confessione
1303 3318 1425 3401 saepius

184 3424 315 3491 audient
333 3426 365 3490 et
389 3424 532 3507 quidem:
565 3424 696 3499 Pueros,
728 3424 780 3507 qui
812 3422 895 3488 intra
927 3441 1040 3488 annum
1073 3423 1110 3486 ad
1141 3442 1261 3488 sacram
1284 3422 1423 3508 synaxim

183 3531 334 3594 accessuri
356 3532 445 3607 aunt,
469 3530 619 3611 quantum
644 3529 710 3595 lieri
733 3528 865 3613 poterit,
888 3527 1021 3612 singulis
1046 3528 1218 3605 mensibus;
1244 3531 1276 3592 ιι
1299 3529 1424 3604 ιιιιιιι,

182 3633 293 3713 idest,
317 3653 425 3716 pueros
448 3634 557 3699 elassis
581 3633 698 3699 mediae
720 3636 751 3698 et
771 3632 934 3713 inferioris,
957 3633 1050 3698 tertio
1073 3651 1192 3718 quoque
1216 3651 1328 3698 urenae.
1375 3631 1422 3697 hd

182 3736 263 3821 quod
300 3757 410 3802 munus
443 3738 659 3821 praestandum
702 3738 922 3804 hebdomadem
961 3740 1093 3822 quatuor
1129 3739 1300 3821 temporum
1341 3755 1424 3802 com·

184 3839 374 3908 mandamus.

287 3942 342 4014 83.
374 3945 502 4022 Pueris,
531 3946 583 4028 qui
607 3946 639 4010 in
661 3946 849 4011 contencione
872 3944 1050 4029 requisitam
1076 3944 1235 4009 scientiam
1259 3963 1328 4010 curn
1353 3963 1425 4011 vera

184 4051 379 4133 peccatorum
413 4048 598 4131 poenitentia
630 4069 725 4133 eaque
754 4050 939 4115 emendandi
970 4050 1059 4115 firma
1088 4049 1245 4115 voluntate
1268 4048 1423 4127 exhibent,

184 4154 409 4219 absolutionem
425 4153 682 4219 sacramentalem
695 4154 846 4237 denegare
862 4154 909 4219 vel
926 4154 1046 4219 differre
1064 4173 1121 4218 non
1138 4153 1212 4218 licet
1226 4153 1322 4239 (Meta
1340 4154 1422 4237 141).

185 4257 398 4325 Paenitentiae
413 4260 494 4323 enim
510 4260 736 4324 sacramentum
749 4280 803 4343 pro
813 4259 955 4324 omnihus
968 4257 1188 4342 peccatoribus,
1205 4260 1424 4343 cujuscumque

181 4367 255 4429 sunt
277 4364 401 4441 aetatis,
422 4363 601 4427 institutum
626 4364 683 4428 est.

283 4468 318 4532 In
344 4467 511 4550 parochiis,
545 4466 598 4531 ubi
631 4468 732 4551 plures
765 4468 940 4533 sacerdotes
975 4486 1061 4533 sacro
1090 4486 1214 4533 munere
1235 4466 1419 4549 funguntur,

181 4572 284 4657 pueris
305 4571 405 4639 libera
426 4571 628 4657 permittatur
649 4571 828 4639 confessarii
850 4573 944 4656 optio.
999 4629 1002 4637 .
