3275 4917
226 241 289 306 23⁰
332 258 453 328 usuc,
467 257 636 326 Rctchapca.
651 256 806 327 ceperano
819 256 946 326 drettp.
957 254 1189 312 Kterdererelell.
1199 257 1235 310 tn
1246 254 1467 310 romuleas.

327 431 402 496 Vom
429 428 644 495 rotbolieclon
666 427 885 512 Standpunkte
906 447 962 494 ιιι
994 427 1064 494 sind
1085 428 1156 513 jone
1179 427 1408 511 ιιιιιιιιιιιιι
1428 447 1465 492 ιι

227 536 407 614 versarier,
436 534 549 600 welche
579 533 702 600 absolut
730 531 884 599 bindemle
916 532 1129 600 Vorscbriiten
1152 533 1228 598 tiber
1249 530 1298 598 dio
1321 530 1464 617 religioso

221 734 304 792 Jabre
324 734 391 790 lace
409 749 498 806 pepon
517 732 561 788 die
578 731 688 787 absolut
702 729 854 787 bindeudcn
875 731 1097 803 Beatimmungeu
1116 732 1164 789 dar
1181 730 1372 803 Oirilgeaetre:
1391 731 1465 788 Adeo

221 820 340 878 invaluit
356 819 527 890 iniquissima
545 819 595 873 illa
613 817 685 873 inter
698 817 845 874 catholicos
862 820 891 873 et
909 817 1057 874 haereticos
1071 819 1199 889 conjuges
1213 818 1363 882 conventio.
1382 820 1464 874 utrel

221 912 281 963 tota
299 906 387 977 prolce
407 907 503 977 patris,
522 907 564 961 vel
584 906 702 961 mascula
720 905 821 974 patris,
841 903 942 960 lamina
957 905 1053 961 matria
1071 909 1208 975 aequatur.
1244 904 1350 961 Videtis
1370 905 1466 976 igitur,

221 997 324 1065 quauta
343 993 418 1048 robis
434 994 472 1048 eit
490 990 658 1063 suempienda
675 991 839 1056 sollicitudo,
855 995 887 1047 ιι
901 991 995 1047 ddelea
1012 990 1174 1048 catholicam
1192 991 1226 1046 da
1237 996 1406 1047 mcrameulo
1417 991 1466 1047 illo

220 1083 333 1136 teneant
351 1080 500 1137 doctrinam
519 1084 548 1137 et
565 1080 600 1136 ad
614 1079 762 1148 parendum
780 1079 949 1135 adducantur
967 1079 1095 1136 ecclesiae
1113 1078 1219 1149 legibus
1239 1079 1402 1149 monteque
1417 1079 1466 1134 illa

221 1167 385 1224 christianae
403 1165 569 1222 educationis
588 1165 733 1236 pernicies.
762 1169 895 1237 quantum
922 1165 1004 1222 inniti
1032 1167 1143 1222 hortatu
1170 1171 1199 1221 et
1225 1166 1389 1221 ιιιιοιιιιιι
1406 1182 1465 1234 poc·

221 1253 296 1316 sitis.
315 1270 332 1308 a
349 1253 496 1308 christiano
512 1252 611 1322 populo
629 1255 798 1316 amoveatur,
817 1252 969 1322 generatim
988 1269 1065 1316 vero,
1089 1255 1120 1306 ιι
1141 1252 1282 1307 catholicis
1301 1251 1420 1307 moribus
1437 1255 1466 1306 et

221 1339 357 1396 institutis
375 1339 531 1396 imbuantur
549 1339 748 1404 adolescentes,
776 1341 804 1394 et
832 1337 932 1394 eisdem
959 1338 1026 1409 ipsis
1051 1337 1179 1394 instando
1208 1341 1237 1394 et
1260 1337 1417 1408 parentibus
1436 1341 1467 1392 et

222 1425 437 1496 praeceptoribus
455 1425 618 1482 contendite.
656 1425 704 1480 liei
725 1426 935 1490 Kumtmaean,
952 1425 1028 1480 llam.
1048 1425 1132 1488 Eheu,
1153 1425 1179 1479 8.
1201 1427 1258 1480 184.

325 1511 417 1567 Dabar
433 1512 483 1567 hat
504 1512 552 1567 der
573 1510 755 1580 apostolische
775 1510 858 1566 Stuhl
883 1509 927 1566 die
951 1511 1101 1581 Brlassung
1127 1527 1180 1567 rou
1207 1511 1353 1577 (becomes,
1381 1511 1465 1570 durch

223 1598 322 1655 welche
349 1599 393 1654 die
420 1597 586 1669 Erricbtung
614 1613 666 1654 von
689 1597 841 1666 Vertrdgen
866 1596 931 1652 tber
954 1596 1083 1668 religldsc
1108 1596 1358 1668 illudereniebung
1384 1596 1466 1668 abge·

222 1685 319 1741 echafft
335 1684 398 1739 oder
416 1684 543 1739 verbotcn
563 1683 681 1747 murder,
696 1682 835 1748 bcdauert.
853 1683 913 1738 weil
927 1683 1055 1739 biedurcb
1068 1681 1112 1738 dic
1123 1684 1284 1754 arthritige
1296 1683 1467 1740 katholiscbc

223 1772 375 1842 Eraiebung
393 1771 441 1832 der
461 1771 563 1826 hindar
580 1771 608 1827 in
627 1770 716 1841 Frage
736 1768 850 1841 gestellt
868 1771 920 1834 ist.
948 1769 993 1826 die
1020 1769 1184 1842 Eingcbrrng
1203 1771 1277 1825 einer
1295 1770 1465 1841 gemiscbten

223 1860 278 1916 libe
297 1860 340 1914 tur
358 1858 417 1914 eine
436 1858 606 1913 katholiscbe
620 1857 691 1913 lirun
710 1857 762 1913 den
781 1857 945 1912 schwcraten
961 1856 1105 1913 Βοιιιιιιιι
1123 1856 1296 1926 unterliegen
1310 1874 1392 1921 muas,
1411 1856 1465 1912 ιιι

222 1946 265 2001 die
283 1945 469 2001 lrstholiscbcn
489 1942 656 2000 Geistlicbcn
673 1945 700 2000 in
720 1944 779 1999 eine
791 1947 914 2000 ιιιιιιιι
925 1943 1083 2016 acbrrierige
1095 1944 1170 2014 laage
1188 1944 1330 2014 garathas.
1358 1943 1408 1999 Ala
1419 1944 1465 1998 da·

223 2033 270 2087 her
296 2031 344 2087 der
366 2030 555 2086 Generelrioar
573 2030 620 2085 der
639 2029 748 2086 Dibcese
767 2029 856 2094 brier,
884 2031 950 2087 Jua.
969 2030 1125 2095 Hummer,
1151 2045 1195 2084 ιιι
1214 2029 1257 2085 28.
1275 2031 1380 2086 ianuar
1397 2030 1464 2086 1817

222 2118 288 2174 nscb
308 2117 375 2172 ilorn
404 2116 536 2182 meldas,
566 2116 628 2171 dass
656 2116 700 2171 dle
726 2117 895 2187 pronesiacbc
921 2116 1079 2187 Regiorum
1105 2115 1149 2170 dle
1174 2115 1265 2172 biaber
1289 2116 1397 2172 llblicbe
1417 2115 1465 2170 Er·

222 2204 351 2274 ricbtung
380 2220 430 2259 ron
460 2202 869 2274 Kindcrerrichungarcrtraigen
896 2203 1024 2258 verboteu
1054 2201 1136 2268 babo,
1165 2206 1330 2259 artwortete
1360 2203 1467 2259 bierani

223 2291 308 2359 Papat·
328 2293 402 2346 l'a'us
428 2292 506 2346 vn..-
528 2289 610 2345 Sedea
631 2289 698 2346 baec
715 2290 864 2360 apostolica
881 2307 940 2346 eum
959 2306 990 2345 ea
1005 2289 1052 2360 (ac.
1072 2292 1170 2357 mista)
1188 2291 1322 2347 connubia
1339 2289 1464 2360 impediri

222 2395 280 2434 sese
297 2377 407 2433 minime
425 2392 501 2449 posse
519 2375 663 2446 comperit,
690 2375 832 2431 ιιιοιιιιι
861 2375 913 2431 sibi
938 2378 987 2431 ιιι
1005 2375 1228 2434 ιίιιιιιιιιιιιι
1247 2394 1306 2433 esee
1320 2376 1464 2447 judicarim

222 2480 413 2534 nonnunquam
432 2463 514 2520 ctiam
531 2462 661 2519 celebrari
678 2461 728 2518 illa
744 2462 842 2518 anuuit
857 2463 1021 2520 auctoritate
1040 2480 1105 2529 ιιι,
1123 2480 1183 2520 cnm
1202 2481 1298 2535 nempe
1314 2464 1342 2519 in
1360 2463 1465 2520 casibus

222 2549 429 2620 particularibus
447 2565 559 2621 gravem
577 2549 698 2620 aliquam
717 2548 854 2619 perspexit
870 2565 980 2604 ιιιιιιι
997 2548 1098 2616 adesse,
1116 2567 1170 2620 qua
1187 2549 1352 2620 dispensatio
1371 2550 1465 2621 hujus·

222 2637 294 2693 modi
312 2635 532 2693 cohonestaretur
557 2640 587 2692 ct
607 2637 725 2706 prolium
744 2634 980 2693 indiscriminatim
1008 2637 1128 2692 omnium
1155 2637 1295 2692 institutio
1323 2637 1464 2695 catholica.

222 2724 308 2788 omni,
327 2740 380 2794 qua
398 2727 517 2794 poterat,
536 2724 655 2787 ratione,
673 2724 701 2777 in
720 2727 780 2778 tuto
800 2724 888 2794 posita
906 2727 973 2778 erat.
997 2722 1076 2780 Nunc
1093 2741 1173 2788 rere,
1200 2741 1260 2780 com
1278 2724 1370 2795 legum
1388 2740 1464 2793 prae·

221 2811 321 2880 scripto
339 2810 380 2866 ris
398 2811 484 2867 omnis
501 2811 629 2880 adempta
645 2811 681 2866 sit
697 2809 866 2880 pactionibus
883 2810 954 2875 illis,
980 2825 1050 2881 quae
1075 2811 1144 2867 circa
1169 2812 1329 2868 catholicam
1348 2811 1464 2881 prolium

221 2898 407 2954 educationem
427 2914 457 2954 cr
476 2898 556 2968 buius
575 2897 603 2953 S.
621 2897 699 2953 Sedis
715 2898 881 2952 auctoritate
898 2897 962 2952 iniri
979 2897 1121 2962 deberent,
1145 2898 1271 2969 conjugia
1298 2899 1366 2954 baec
1389 2897 1465 2954 nulia

222 2987 294 3040 certo
313 2985 418 3040 ratione
436 2985 619 3048 cohonestari.
643 2999 730 3056 neque
748 2983 954 3040 Ecclesiasticus
971 2985 1117 3054 potestatis
1134 3001 1244 3040 ιιιιιιι
1261 2985 1385 3054 permitti
1403 3001 1465 3054 pos·

219 3075 291 3127 sunt.
318 3071 390 3126 Haec
405 3087 453 3142 pro
465 3071 549 3126 oculis
560 3086 576 3124 ι
589 3074 617 3125 ιι
629 3068 761 3134 habenda,
779 3071 878 3126 dilecte
891 3071 953 3136 Fili,
970 3071 1035 3126 haec
1046 3069 1194 3128 catholicin
1203 3071 1385 3141 jurisdictioni
1399 3075 1464 3127 tuac

221 3159 351 3226 subiectis
370 3157 620 3228 exponendarum,
641 3159 672 3212 ut
690 3173 750 3222 cos,
768 3159 792 3212 si
810 3159 868 3213 fleri
887 3159 982 3228 possit,
1000 3158 1035 3214 ab
1049 3158 1180 3229 eiusmodi
1200 3161 1303 3229 nuptiis
1320 3158 1467 3215 deterreas·

221 3245 298 3314 Quod
317 3245 340 3299 si
359 3244 448 3299 minue
465 3244 493 3299 id
511 3243 627 3299 obtineri
646 3243 745 3314 possit,
765 3246 882 3300 muueris
900 3248 992 3301 tamen
1010 3246 1052 3300 tui
1069 3262 1100 3301 ac
1119 3246 1295 3316 parochorum
1312 3245 1464 3302 (batbolico-

222 3347 280 3386 rum
298 3332 364 3394 erit.
389 3331 498 3385 minime
516 3329 647 3400 conjugiis
666 3329 727 3384 istis
747 3332 889 3394 camatero,
916 3336 1000 3402 atque
1018 3331 1053 3388 ab
1071 3333 1142 3387 omni
1163 3331 1317 3403 hujusmodi
1336 3335 1398 3388 actu
1416 3347 1462 3385 roe

221 3418 372 3482 abstinere,
400 3417 470 3473 unde
490 3417 587 3488 conjici
605 3417 703 3488 possit,
732 3433 764 3472 ca
782 3433 829 3472 ros
843 3417 1008 3489 approbare,
1028 3419 1119 3475 illisve
1139 3420 1231 3491 aliqua
1249 3420 1354 3475 ratione
1370 3431 1460 3486 coope-

221 3506 276 3562 rari
294 3509 344 3562 etc.
373 3504 477 3562 Eborac
495 3503 597 3561 crhltrt
616 3505 701 3572 Papet
721 3505 795 3562 Pirae
818 3505 880 3560 Vll.
899 3505 927 3560 in
947 3507 1034 3562 ciuem
1054 3506 1201 3562 Scbreiben
1219 3523 1280 3560 rom
1293 3507 1335 3563 31.
1348 3503 1463 3564 October

223 3593 290 3650 1819
308 3592 351 3649 bei
370 3594 584 3658 honerosum,
604 3590 679 3647 Gem.
699 3590 786 3656 libem.
805 3591 833 3646 S.
852 3592 919 3658 241,
937 3593 996 3649 ιιι.
1016 3622 1050 3634 -
1076 3594 1124 3650 his
1142 3594 1225 3650 durch
1244 3593 1349 3665 konigl.
1369 3590 1463 3647 beleth

222 3697 281 3734 vom
302 3680 343 3735 l‘l.
362 3679 469 3749 August
489 3677 555 3738 leae
583 3677 631 3734 das
653 3677 762 3744 (issula,
791 3679 899 3735 romb
926 3680 980 3738 alle
1008 3679 1110 3737 Kinder
1139 3681 1167 3736 in
1190 3681 1238 3736 der
1265 3680 1390 3751 Religion
1417 3679 1464 3734 des

221 3766 318 3822 Vetere
336 3781 450 3836 craogcn
470 3763 582 3829 worden.
597 3764 731 3834 Vertrtge
749 3763 813 3820 aber
831 3767 1048 3824 rechtarrirlrsam
1066 3769 1122 3823 sein
1137 3768 1236 3824 solltcn
1248 3767 1298 3824 aui
1309 3767 1353 3822 die
1364 3765 1464 3820 Rbeir·

222 3852 331 3922 provinc
350 3849 520 3922 suagcdchnt
541 3850 644 3916 surde,
665 3849 803 3906 neudcten
830 3853 888 3908 sich
915 3853 963 3910 der
984 3854 1144 3910 limbiscbol
1159 3871 1209 3910 ros
1228 3853 1299 3909 Kbln
1317 3851 1373 3908 und
1390 3851 1464 3907 selue

222 3937 487 4008 Sumepaubiscbbie
512 3955 547 3993 an
574 3937 625 3994 den
652 3937 852 4009 apostuliaohen
870 3941 952 3997 Stubl
970 3959 1015 3998 nm
1036 3937 1395 4012 Verhaltnngsmaaarepeln.
1431 3937 1464 3993 In

221 4026 281 4081 dem
299 4023 536 4095 daranh'olgendcn
556 4024 819 4080 hutnortschreiben
839 4027 926 4084 beiast
941 4045 985 4084 es:
1002 4027 1117 4084 Romani
1133 4029 1277 4084 Pontifices
1288 4027 1345 4082 anis
1357 4025 1464 4096 dispeu-

220 4109 369 4167 sationibns
388 4109 504 4180 adjicere
521 4114 716 4166 consueverunt
734 4109 915 4169 conditionem
934 4129 1087 4183 expressam
1104 4114 1138 4170 de
1149 4114 1357 4183 praemittendis
1371 4113 1463 4168 matri·

221 4197 309 4254 munio
328 4196 484 4268 opportunis
500 4197 678 4263 cautionibus,
697 4215 750 4253 nou
770 4199 849 4255 uredo
866 4205 898 4256 ιι
916 4199 1009 4270 conjux
1025 4201 1175 4257 catholicus
1193 4202 1227 4258 ab
1241 4202 1393 4258 acatholico
1405 4216 1464 4272 per·

220 4285 289 4340 vorti
307 4301 358 4340 uon
378 4287 476 4353 posset.
493 4283 557 4354 quin
576 4287 664 4354 potius
682 4283 731 4339 ille
748 4289 836 4342 terreri
855 4305 885 4345 se
902 4289 984 4345 sciret
999 4289 1035 4344 ad
1052 4290 1123 4345 huuc
1142 4307 1191 4359 pro
1209 4290 1309 4346 viribus
1326 4291 1360 4346 ab
1375 4305 1463 4346 errore

221 4371 428 4438 retrahendum,
451 4373 613 4437 sedetiam,
637 4377 669 4428 ιι
687 4376 775 4444 proles
793 4375 935 4445 utrimque
952 4393 1029 4432 serus
1048 4393 1078 4432 ex
1097 4379 1190 4433 eodem
1209 4377 1383 4434 matrimonio
1400 4395 1463 4448 pro-

221 4457 337 4514 creanda
355 4459 382 4512 in
400 4459 550 4515 catholicae
568 4459 708 4531 religionis
725 4462 873 4516 sanctitate
890 4463 999 4518 omnino
1017 4463 1176 4520 educaretur
1196 4505 1202 4517 .
1225 4507 1231 4519 .
1250 4507 1257 4520 .
1276 4506 1282 4519 .
1301 4466 1385 4522 Juxta
1398 4465 1464 4520 haec

221 4543 321 4614 igitur,
345 4545 451 4614 quoties
477 4547 633 4615 praesertim
652 4547 785 4604 catholica
802 4548 896 4619 aliqua
912 4549 1009 4605 mulier
1023 4552 1080 4605 riro
1098 4551 1248 4607 acatholico
1268 4551 1369 4606 nubere
1387 4551 1463 4614 velit,

222 4628 370 4700 diligenter
391 4630 566 4700 abepiscopo
585 4648 630 4686 seu
647 4649 664 4686 a
680 4633 796 4700 parocho
815 4633 949 4690 ιιοιιιιι
967 4637 1031 4700 erit.
1055 4652 1186 4706 quaenam
1213 4637 1284 4691 circa
1308 4637 1465 4706 huiusmodi
