3275 4917
270 205 334 274 428
514 230 657 298 synodus
676 230 862 285 dmecesana
880 230 1116 300 Arpenltnenala
1135 246 1163 283 a.
1184 228 1267 284 189⁴.

618 404 710 471 Pars
732 400 784 470 11.
827 404 879 471 lle
906 403 1008 471 cultu
1034 402 1168 472 diuino.

560 524 637 606 cap.
660 524 690 591 1.
724 524 775 591 De
796 524 911 593 ritidrm
932 526 1037 593 sacris
1058 524 1110 608 (G.
1134 524 1221 607 247).

373 645 430 717 24.
458 646 492 711 ln
515 646 713 714 caeremoniis
735 650 841 727 sacris,
864 647 976 734 quibus
999 648 1135 717 cilicium
1159 646 1298 712 divinum
1324 647 1408 711 mire
1433 664 1540 711 orna-

271 752 340 830 tur,
368 753 486 818 mentes
515 754 620 818 antem
644 751 780 819 fidelium
804 752 953 819 docentur
977 757 1009 818 et
1031 752 1254 831 aedificantur,
1284 752 1448 817 attentius
1477 770 1536 814 cu·

271 855 402 921 randum
425 858 489 936 est3

377 962 410 1025 1⁰
434 962 481 1027 Ne
503 960 583 1027 tales
605 960 815 1027 caeremoniae
838 962 870 1028 in
893 960 989 1029 eacus
1013 962 1236 1041 adhibeantur,
1268 978 1348 1045 qnae
1371 978 1442 1024 non
1466 958 1537 1023 sint

271 1063 311 1129 ab
334 1064 471 1130 Ecclesia
493 1066 699 1150 praescriptae
722 1066 770 1131 rel
792 1066 902 1132 ειιιιιιιι
925 1066 1099 1143 toleratae;
1429 1048 1437 1059 ’
1601 1051 1602 1066 ’

375 1169 411 1233 2⁰
433 1172 469 1235 nt
490 1171 522 1235 ln
546 1170 585 1235 iis
614 1170 771 1253 liturgicis
802 1172 943 1251 actibus,
979 1190 1056 1257 quos
1091 1170 1121 1239 S.
1156 1170 1248 1236 Sedes
1284 1190 1342 1235 uon
1379 1168 1535 1233 definitis

271 1273 442 1357 praeceptis
460 1275 625 1354 ordinavit,
647 1294 753 1342 omues
776 1276 913 1359 ejusdem
935 1274 1084 1341 dioecesis
1102 1274 1276 1343 sacerdotes
1297 1273 1335 1338 ad
1361 1273 1532 1339 unitatem
1602 1263 1603 1268 ’

272 1378 420 1456 tendant;

376 1482 411 1546 3⁰
434 1503 472 1549 uc
493 1483 603 1549 leviter
624 1483 811 1567 abjiciantur
834 1502 888 1549 aas
910 1483 1139 1562 caeremoniae,
1170 1482 1358 1567 antiquitate
1390 1500 1532 1547 venera-

272 1585 406 1666 biliores,
428 1606 509 1673 quae
532 1588 682 1654 tolerante
703 1588 842 1654 Ecclesia
864 1587 896 1653 iu
919 1588 1049 1654 dioecesi
1075 1587 1203 1672 rigeut3

374 1692 411 1757 4⁰
434 1693 468 1757 ut
491 1692 621 1777 denique
653 1693 685 1758 in
718 1712 807 1758 sacra
841 1694 971 1777 liturgia
1003 1693 1107 1759 omnia
1137 1697 1201 1757 tam
1232 1690 1281 1776 pie
1309 1693 1341 1755 et
1368 1690 1471 1775 digne
1496 1696 1531 1755 et

272 1796 408 1862 modeste
431 1795 518 1876 fiant,
541 1800 575 1863 ut
595 1798 855 1864 caeremoniarum
876 1817 984 1882 scopus
1007 1816 1113 1863 revera
1135 1796 1320 1880 attingatur.

376 1900 462 1983 Quae
486 1900 653 1968 Nobiscum
676 1902 708 1968 in
732 1901 835 1969 animo
859 1902 1087 1968 considerantes
1111 1902 1187 1967 baec
1210 1900 1423 1966 decernimus:

376 2003 429 2075 2b.
461 2005 497 2070 ln
517 2005 774 2073 administrandis
795 2007 998 2073 sacramentis
1022 2024 1127 2072 omnes
1150 2008 1273 2071 nostrae
1296 2003 1450 2069 dioecesis
1474 2024 1526 2067 sa-

273 2109 410 2175 cerdotes
434 2110 465 2175 in
488 2114 644 2195 posterum
659 2110 724 2177 sole
740 2113 870 2177 utantur
887 2110 1005 2177 Rituali
1023 2110 1168 2177 Romano.
1193 2108 1242 2175 Ad
1258 2110 1525 2192 interrogationes

272 2216 386 2293 tamen
409 2233 488 2299 quaa
508 2215 538 2280 in
563 2216 808 2282 administrando
832 2216 986 2300 baptismo
1010 2218 1042 2281 et
1063 2216 1094 2280 iu
1115 2213 1297 2281 celebrando
1317 2212 1523 2279 matrimonio

272 2316 361 2397 fiunt,
382 2318 492 2403 lingua
510 2320 676 2385 vernacula
698 2320 744 2386 uti
769 2320 885 2388 licebit.

377 2421 432 2491 26.
459 2421 642 2502 Serventur,
665 2424 787 2490 etiamsi
810 2423 843 2490 in
868 2424 988 2491 Rituali
1011 2422 1312 2511 Argentinenei'non
1335 2422 1522 2488 continean-

273 2529 334 2606 tur,
357 2546 431 2592 nsus
450 2526 540 2608 sacri,
564 2528 782 2609 caeremoniae,
805 2529 1056 2615 supplicationes,
1080 2548 1158 2611 quae
1181 2527 1229 2593 vel
1252 2528 1284 2592 in
1300 2529 1368 2593 tota
1383 2526 1521 2592 dioecesi

273 2630 321 2696 vel
344 2632 375 2696 in
399 2652 513 2717 magna
533 2635 620 2719 parte
642 2633 708 2718 ejus
729 2634 878 2701 hactenus
902 2634 1027 2719 vigent,
1058 2637 1095 2699 nt
1122 2633 1289 2699 exstructio
1312 2633 1448 2715 quatuor
1474 2632 1521 2696 al·

272 2735 387 2802 tarium
408 2737 440 2802 in
462 2738 660 2804 solemnitate
681 2738 823 2823 corporis
846 2739 973 2808 Christi.

376 2840 486 2926 ltaque
508 2862 546 2908 ne
569 2846 705 2927 pastores
728 2843 903 2909 animarum
923 2843 1044 2922 sinant,
1075 2842 1155 2908 ritus
1178 2845 1209 2908 et
1232 2838 1464 2907 benedictiones
1487 2840 1519 2904 in

272 2944 337 3010 suis
357 2946 510 3030 parochiis
533 2946 635 3013 adbuc
660 2947 797 3033 rigentes
819 2948 1010 3027 abolescere,
1040 2946 1166 3015 etiamsi
1197 2946 1287 3031 pauci
1319 2963 1354 3013 ex
1374 2942 1518 3010 fidelibus

272 3048 312 3115 iis
334 3050 534 3116 caeremoniis
556 3050 711 3120 intersint.

377 3151 428 3223 27.
452 3155 607 3241 Imprimis
630 3156 853 3242 praecipimus,
875 3159 911 3222 ut
932 3157 965 3222 in
986 3156 1061 3224 locis
1084 3155 1263 3235 catholicin,
1289 3153 1342 3220 ubi
1366 3153 1518 3239 parochus

274 3258 336 3323 buc
357 3277 452 3343 usque
479 3259 611 3326 infirmis
639 3280 761 3327 sacrum
792 3261 941 3327 viaticum
972 3262 1152 3328 solemniter
1181 3263 1215 3326 et
1246 3258 1368 3344 publice
1397 3256 1518 3323 deferre

272 3360 403 3443 solebat,
425 3365 613 3433 consuetudo
642 3370 707 3431 ιιιιιι
738 3365 904 3431 laudabilis
939 3366 971 3431 in
1003 3368 1158 3449 posterum
1190 3366 1346 3439 servatura
1377 3361 1459 3447 quod
1491 3362 1516 3427 si

274 3467 432 3553 aliquandi
451 3470 625 3555 interrupta
647 3472 712 3551 est,
743 3472 920 3555 repetatur,
955 3470 1044 3537 modo
1075 3470 1226 3556 parochus
1257 3468 1359 3553 speret
1390 3466 1423 3532 id
1451 3466 1517 3533 sine

274 3574 362 3658 grani
385 3574 576 3642 incommodo
599 3574 663 3641 deri
686 3593 791 3659 posse;
815 3575 1015 3660 nequeenim
1038 3574 1099 3640 levi
1122 3572 1428 3641 animoomittendae
1443 3576 1517 3638 sunt

272 3678 482 3745 caeremoniae
505 3682 571 3745 ιιιιι
590 3679 741 3746 salutares
762 3678 794 3744 io
814 3680 953 3746 Romane
975 3679 1095 3746 Rituali
1122 3681 1155 3745 et
1181 3677 1400 3763 Argentinensi
1426 3694 1513 3760 prae-

272 3781 416 3866 scriptae.
441 3780 493 3866 (G.
516 3785 569 3863 48,
596 3784 631 3850 R.
656 3782 699 3849 ιι.
724 3784 738 3849 l
763 3783 834 3863 147,
858 3784 943 3851 Meta
965 3785 1007 3851 98
1030 3804 1060 3851 ιι.
1087 3784 1173 3871 154).

377 3884 431 3957 28.
455 3885 499 3954 lie
518 3887 592 3955 solis
614 3888 728 3955 ritibus
750 3889 895 3974 exceptis,
919 3908 995 3975 quos
1015 3888 1163 3955 dioecesis
1187 3888 1292 3955 nostra
1315 3888 1354 3953 ab
1378 3885 1513 3970 antiquis

272 3991 462 4076 temporibus
483 3992 543 4058 sibi
564 3992 695 4060 traditos
715 3997 887 4073 veneratur,
911 3994 943 4060 iu
965 3994 1076 4060 ceteris
1099 3994 1241 4059 omnibus
1263 3992 1367 4058 cuncti
1392 3992 1514 4075 Argen·

272 4096 403 4162 tineosis
425 4095 571 4164 dioecesis
593 4099 766 4166 sacerdotes
788 4102 820 4165 et
842 4099 945 4165 cleriei
968 4098 1008 4164 ad
1024 4098 1118 4165 ritum
1137 4098 1309 4165 Romanum
1326 4115 1358 4162 se
1371 4098 1513 4161 accurate

273 4200 481 4280 coniorment,
512 4202 600 4288 eujus
623 4204 733 4270 notitia
756 4223 792 4269 er
812 4204 960 4282 rubricis,
990 4222 1026 4269 ex
1049 4203 1255 4270 decisionibus
1285 4202 1317 4269 S.
1344 4200 1448 4281 Sedis,
1478 4218 1514 4266 ex

273 4305 545 4373 consuetudinibus
564 4308 719 4374 ltcelesiae
742 4309 898 4375 Romnum
921 4311 971 4375 sat
992 4308 1084 4374 facile
1107 4308 1279 4374 haurietur.

377 4406 433 4479 22.
460 4410 537 4476 Cum
557 4415 785 4478 sacrosanctum
808 4412 919 4477 missae
942 4410 1126 4477 sacrificium
1152 4414 1271 4478 ceteras
1293 4409 1440 4493 liturgiae
1462 4426 1512 4473 ca·

274 4513 406 4580 thelicae
434 4517 571 4581 actiones
598 4516 751 4599 dignitate
783 4517 873 4600 louge
902 4519 1043 4599 superet,
1073 4533 1179 4580 ornnes
1204 4534 1387 4600 magnopere
1411 4512 1509 4597 proni-

274 4618 371 4684 deant
397 4620 588 4698 sacerdotes,
622 4639 661 4684 ne
691 4620 862 4705 quidquam
891 4620 922 4684 in
953 4620 1048 4685 missa
1078 4620 1126 4685 vel
1157 4618 1277 4703 priuata
1310 4617 1357 4684 vel
1386 4619 1511 4683 centua
