3275 4917
233 212 298 279 438
476 228 618 299 Sunodm
635 228 822 283 dioecesana
841 227 1078 299 Arqmcrnerrrtr
1096 242 1125 282 α.
1144 226 1228 283 1894.

248 399 334 487 'Gom
357 402 406 470 11.
443 400 494 469 Dc
514 400 724 468 caetae-iatius
745 399 958 467 communione
980 398 1176 467 concedendo
1198 398 1245 467 oei
1267 398 1462 483 marroc.

340 530 391 603 'in
416 531 494 598 Cum
515 530 578 597 alia
598 531 707 597 sancta
729 528 885 594 Ecclesiae
900 530 1095 595 sacramenta
1112 532 1180 594 tum
1197 528 1327 593 maxime
1342 528 1475 593 sanctis-

234 640 347 705 simam
371 634 586 702 Eucharistiae
609 637 838 700 sacramentum
867 635 905 697 iis
936 636 1059 699 tantum
1089 633 1276 701 Christianis
1305 632 1478 698 ministrari

235 743 359 828 quidem
384 740 512 818 debent,
547 740 600 822 qui
634 737 673 803 ad
705 757 742 803 ea
774 736 868 823 digne
903 736 1098 821 suscipienda
1128 736 1187 802 rite
1217 735 1359 820 dispositi
1393 738 1477 802 suut.

237 849 386 913 Attamen
406 864 442 910 ex
465 842 588 927 publica
612 860 716 907 sacrae
739 841 965 907 communionis
987 840 1177 909 recusatione
1200 859 1315 925 magna
1330 840 1479 909 scaudala

236 951 359 1036 aliaque
382 946 525 1033 graviora
548 946 741 1012 incommoda
766 946 922 1029 permulta
949 946 1014 1029 jam
1042 948 1147 1011 exorta
1169 948 1252 1011 sunt.
1299 943 1417 1026 Quibus
1440 944 1479 1010 de

236 1056 339 1123 causis
368 1053 571 1137 opportunum
604 1050 749 1115 duximus
785 1049 998 1115 sacerdotibus
1031 1050 1154 1116 Nostris
1189 1049 1313 1115 ritualis
1347 1048 1479 1115 Romani

237 1158 461 1247 praescriptum
490 1155 521 1219 in
559 1156 738 1221 memoriam
773 1172 933 1234 revocure,
961 1154 1042 1239 quod
1074 1155 1121 1221 bis
1151 1155 1252 1220 verbis
1281 1154 1479 1221 enuntiatur:

222 1261 403 1331 'roccultos
425 1263 610 1344 peccatores,
634 1259 660 1324 si
676 1258 797 1341 occulto
812 1259 930 1342 petant,
955 1261 988 1325 et
1007 1278 1065 1325 non
1082 1278 1133 1325 eos
1149 1258 1329 1325 emendatos
1345 1276 1480 1343 agnera-

237 1368 288 1449 rit,
311 1365 459 1451 repellat3
488 1383 545 1431 non
574 1365 694 1441 autam,
724 1363 751 1428 si
773 1364 894 1447 publice
916 1365 1040 1447 petant,
1072 1365 1105 1429 et
1131 1364 1197 1431 siue
1229 1362 1374 1431 scandalo
1395 1362 1480 1446 ipsos

236 1471 403 1558 praeterire
426 1469 588 1553 nequeat«
634 1468 822 1552 Denegando
852 1486 923 1533 vero
953 1487 1073 1551 semper
1102 1471 1241 1534 remanet
1271 1467 1481 1533 eucharistica

237 1575 411 1644 communio
437 1572 649 1658 peccatoribus
678 1572 824 1656 publicis,
857 1574 909 1655 qui
940 1571 1048 1638 eodem
1075 1573 1183 1638 rituali
1217 1573 1353 1638 Romano
1384 1572 1431 1636 vel
1460 1590 1480 1636 a

237 1680 374 1766 probatis
398 1676 575 1745 auctoribus
597 1694 722 1760 prorsus
744 1676 865 1761 indigni
888 1676 1092 1759 designantur
1115 1676 1165 1760 (R.
1189 1677 1230 1743 bl.
1254 1676 1366 1755 1236,
1390 1676 1479 1757 271).

525 1839 605 1923 cap.
627 1839 697 1908 ΙΙΙ.
733 1840 782 1908 De
804 1842 1017 1908 communione
1035 1840 1192 1925 paschali.

340 1971 394 2043 76.
424 1970 629 2039 Sacroeaucta
658 1971 855 2037 oecumenica
885 1971 1019 2057 synodos
1046 1971 1264 2039 Lateranensis
1287 1971 1331 2037 IV
1354 1970 1480 2036 decreto

240 2080 352 2149 &onis
373 2077 536 2161 minuare
558 2097 663 2143 sexus
689 2075 754 2141 »De
776 2074 963 2142 confessione
979 2075 1121 2143 facienda
1136 2078 1168 2141 et
1183 2076 1297 2142 saltem
1315 2076 1348 2141 in
1363 2074 1481 2159 paaeba

238 2181 510 2252 communicando«
541 2181 600 2246 boc
621 2179 762 2246 addidit:
794 2179 901 2247 »Unde
932 2181 990 2245 boc
1019 2181 1156 2247 salutare
1185 2182 1340 2247 statutum
1369 2181 1399 2244 iu
1428 2196 1480 2243 ea-

238 2287 324 2355 lesiie
350 2286 527 2369 frequenter
556 2283 746 2369 publicetur,
778 2303 816 2350 ne
845 2284 1009 2369 quisquam
1040 2284 1233 2370 ignorantiae
1254 2284 1404 2351 caecitate
1428 2302 1481 2348 ve·

239 2394 342 2459 lamen
367 2388 572 2456 excusationis
595 2390 761 2455 assumat«
787 2389 852 2454 Nos
875 2391 979 2454 autem
1004 2388 1034 2455 S.
1050 2386 1164 2475 Synodi
1185 2388 1338 2455 voluntati
1353 2386 1479 2455 satisfa-

238 2515 307 2563 cere
329 2497 361 2561 at
383 2493 530 2579 parochos
554 2512 608 2577 pro
630 2490 748 2559 viribus
769 2492 917 2577 adjuvare
940 2493 1107 2577 cupientes,
1131 2495 1166 2559 ut
1188 2493 1236 2559 lex
1256 2491 1480 2559 communionis

238 2597 395 2687 paschalis
417 2599 456 2664 ab
479 2597 621 2664 omuibus
641 2598 673 2663 et
694 2597 827 2682 siugulis
851 2596 992 2663 fidelibus
1016 2598 1171 2663 constanti
1192 2597 1311 2665 terrore
1329 2598 1478 2677 sumetur,

239 2706 317 2773 baec
337 2702 546 2770 docuerimus:

343 2807 506 2874 Dominica
538 2808 650 2891 quarta
683 2806 939 2891 quadragesimae
972 2806 1021 2872 nel
1051 2806 1207 2873 dominica
1239 2804 1393 2872 Passionis
1425 2804 1479 2871 de·

238 2916 358 2982 cretum
380 2912 413 2979 S.
427 2910 458 2978 S.
475 2910 589 2997 Synodi
612 2910 826 2977 bateraueusia
846 2910 891 2975 IV
911 2910 1025 2980 Omnis
1043 2912 1205 2995 rariusque
1224 2930 1319 2979 sexam
1339 2912 1370 2976 ct
1394 2910 1478 2990 baec,

239 3037 318 3103 quae
349 3016 414 3083 Nos
442 3015 655 3101 apposuimus,
686 3014 718 3080 in
749 3033 862 3099 pronao
893 3015 939 3081 vel
967 3016 1039 3081 ante
1073 3015 1121 3081 rel
1158 3016 1240 3081 iuter
1271 3015 1397 3081 missam
1420 3034 1477 3099 pa·

237 3120 404 3189 rochialem
425 3119 590 3205 quotannis
612 3118 808 3203 publicentur
827 3119 980 3203 (Append.
1002 3118 1070 3206 lv).

458 3284 535 3369 dap.
558 3286 620 3354 IV.
653 3284 704 3353 De
722 3286 833 3369 primu
849 3306 1022 3369 pararem
1043 3286 1265 3353 communione.

342 3414 391 3485 77.
416 3416 569 3495 Pueriad
594 3416 726 3501 primam
748 3417 992 3484 communionem
1009 3436 1027 3482 a
1043 3416 1219 3502 pastoribus
1242 3416 1417 3481 animarum
1433 3414 1481 3480 ita

239 3520 455 3599 instituantur,
479 3520 616 3587 uitales
638 3539 768 3606 quoque,
796 3522 848 3606 qui
871 3521 1125 3587 imbecillioribus
1147 3521 1283 3605 ingeniis
1304 3522 1393 3598 suut,
1418 3519 1482 3584 sel·

240 3628 303 3691 tem
326 3625 481 3691 elementa
503 3626 675 3693 necessaria
695 3624 853 3691 doetrinae
877 3626 1065 3692 christianae
1088 3644 1124 3693 ac
1147 3624 1307 3709 spaciatim
1331 3642 1378 3703 ea,
1402 3642 1482 3707 quae

239 3729 277 3795 ad
298 3728 355 3796 boc
377 3727 609 3795 saucbssimum
632 3731 859 3796 sacramentum
885 3730 942 3795 rite
965 3729 1194 3814 suscipiendam
1215 3729 1379 3813 pertinent,
1402 3726 1481 3795 satis

240 3832 372 3899 discent

342 3935 376 4005 Si
399 3936 606 4021 reperientur,
636 3936 690 4023 qui
711 3939 815 4005 aetate
837 3938 960 4022 quidem
985 3938 1137 4023 polleant,
1168 3938 1222 4005 sed
1252 3936 1393 4005 doctriua
1421 3954 1481 4003 nou

239 4040 317 4108 satis
339 4042 403 4107 sint
425 4040 580 4121 instructi,
606 4062 664 4108 uon
684 4044 757 4109 suut
779 4062 814 4109 eo
835 4044 899 4127 ipso
922 4062 1042 4128 semper
1064 4042 1232 4127 rejiciendi,
1257 4042 1311 4108 sed
1330 4042 1482 4126 parcebas

239 4164 291 4213 eos
310 4146 358 4212 val
382 4147 447 4231 ipse
470 4146 518 4212 rel
538 4166 591 4231 per
613 4146 704 4225 alios,
735 4148 788 4232 qui
818 4148 921 4214 idonei
946 4149 1037 4227 eunt,
1068 4149 1237 4233 separatim
1271 4146 1413 4225 edoceat,
1444 4166 1482 4211 ue

239 4251 413 4318 animarum
437 4251 508 4318 cibo
528 4251 633 4317 divino
654 4251 772 4320 diutius
797 4254 934 4318 careant.

342 4352 385 4425 78
409 4356 563 4423 Parcchoe
586 4356 756 4435 hortamur,
780 4360 816 4422 ut
835 4356 968 4442 primam
983 4358 1228 4424 communionem
1245 4356 1377 4443 singulis
1392 4356 1482 4421 annis

238 4459 409 4537 celebrent;
432 4459 465 4525 id
487 4463 590 4528 autem
614 4461 738 4527 omuino
760 4462 860 4527 iacere
883 4462 1004 4540 debent,
1028 4462 1280 4548 quotiescumque
1302 4482 1352 4529 sex
1369 4461 1482 4527 saltem

240 4563 355 4630 adeunt
377 4564 481 4649 pueri,
505 4564 557 4649 qui
579 4564 753 4649 legitimam
776 4568 913 4634 aetatem
937 4567 1120 4653 attigerunt.
1166 4567 1210 4633 At
1234 4568 1281 4633 rel
1306 4585 1401 4631 unum
1425 4565 1483 4629 bu·
