3275 4917
232 207 297 284 442
476 240 618 309 synodus
637 242 823 297 dioecesano
839 242 1075 313 Arqente'neneis
1093 258 1123 295 α.
1142 238 1225 296 1894.

334 410 391 481 96.
416 413 556 493 Parochi‚
581 416 745 496 autequam
770 412 1029 497 dispensationem
1053 410 1093 477 ab
1116 412 1335 496 impedimento
1357 412 1476 477 mixtae

230 515 388 599 religionis
415 518 623 599 expostulent,
655 539 674 582 a
703 518 958 583 contrahentibus
988 516 1109 600 exigere
1139 517 1251 583 debent
1283 520 1475 601 opportunas

229 619 388 686 cautiones
411 621 449 687 de
472 624 640 688 amovendo
665 642 683 686 a
706 623 858 688 catholico
881 622 1011 705 conjuge
1034 622 1237 704 perversionis
1259 622 1409 705 periculo,
1434 621 1474 687 dc

227 726 424 791 conversione
445 727 585 811 conjugis
608 728 774 793 acatholici
797 728 836 791 ah
860 727 913 790 illo
937 745 990 809 pro
1012 726 1129 791 viribus
1147 725 1284 791 curanda
1298 745 1334 791 ac
1350 725 1387 792 de
1402 726 1471 791 nni·

228 847 314 893 versa
337 830 422 913 prole
445 831 606 915 utriusque
629 850 718 896 sexus
740 832 771 896 in
795 830 967 897 catholicae
991 829 1149 915 religionis
1165 830 1333 895 sanctitate
1347 830 1475 895 omnino

227 932 397 1002 educanda.
434 935 500 999 Has
524 955 632 1019 nempe
654 936 845 1001 conditiones
865 936 916 1019 jus
940 934 1082 1000 naturale
1106 954 1141 1000 ac
1163 934 1301 1000 diuinum
1326 954 1394 999 cum
1419 954 1472 1017 po·

227 1036 340 1116 stnlet,
373 1039 459 1104 nulla
491 1059 624 1123 uuquam
653 1042 840 1106 auctoritate
867 1040 1003 1105 humana
1026 1040 1122 1105 mixte
1144 1039 1297 1106 connubia
1319 1039 1384 1103 sine
1407 1038 1474 1103 illis

228 1140 368 1224 permitti
392 1148 528 1226 possunt.

332 1243 400 1327 Qua
413 1249 450 1312 de
461 1267 492 1313 re
504 1248 628 1314 litterae
638 1249 805 1314 reuersales
816 1248 971 1334 (eppone.
982 1248 1039 1331 IV)
1050 1251 1088 1313 ah
1098 1250 1228 1333 utraque
1238 1251 1325 1332 parte
1337 1248 1472 1314 subscri·

229 1350 347 1417 hendae
367 1356 468 1421 erunt.

333 1453 365 1521 Si
388 1456 427 1522 oh
449 1457 619 1541 peculiares
642 1458 893 1523 circumstantias
917 1458 1102 1542 quibusdam
1133 1457 1165 1521 in
1194 1456 1316 1521 ensibus
1339 1455 1472 1521 obtineri

230 1564 384 1644 nequeant
407 1580 425 1625 a
448 1564 535 1644 parte
559 1562 731 1627 acatholica
753 1562 877 1627 litterae
901 1562 1069 1627 reuersales
1093 1561 1139 1626 uel
1154 1562 1377 1646 juramentum,
1403 1561 1472 1643 ipsa

230 1682 301 1729 vero
324 1665 402 1731 serio
424 1666 587 1749 promittat
609 1686 641 1731 se
664 1666 821 1731 cautiones
845 1668 1033 1731 memoratas
1056 1670 1259 1745 servaturam,
1285 1664 1361 1730 satie
1378 1663 1473 1729 erite

231 1771 317 1852 parte
347 1768 501 1835 catholica
535 1770 709 1853 hujusmodi
744 1770 865 1835 litteras
896 1772 1017 1854 exigere
1047 1772 1079 1833 in
1111 1769 1209 1853 iisque
1240 1768 1471 1852 promissionem

230 1871 329 1955 partis
351 1873 541 1939 acatholicae
565 1893 617 1939 ore
640 1878 730 1939 tenus
753 1893 856 1939 coram
883 1874 1013 1957 parocho
1036 1874 1152 1939 iactam
1174 1874 1329 1939 adnotare.

335 1977 493 2043 Exhibitio
516 1979 645 2063 denique
668 1980 845 2045 cautionum
873 1980 995 2044 notoria
1017 1979 1076 2055 sit,
1108 1978 1145 2044 ad
1174 1998 1264 2043 omne
1293 1976 1472 2043 scandalum

231 2083 458 2160 removendum,
482 2083 530 2148 vel
546 2083 657 2149 saltem
673 2084 747 2149 talis
763 2083 828 2148 lieri
847 2084 953 2167 possit.
970 2082 1064 2167 (Cim.
1082 2082 1166 2161 litei3
1183 2120 1224 2131 -
1240 2082 1270 2148 S.
1286 2082 1322 2148 0.
1343 2082 1381 2146 17
1395 2080 1473 2147 sehr.

235 2186 336 2263 1875;
366 2223 404 2233 -
436 2187 485 2252 Pii
508 2189 551 2254 Vl
582 2188 619 2253 ad
652 2189 793 2273 Archiep.
817 2189 930 2255 Mechl.
958 2190 996 2253 13
1017 2188 1089 2272 julii
1114 2188 1215 2265 1782;
1246 2224 1289 2235 -
1319 2186 1349 2252 S.
1373 2186 1409 2253 Ο.
1434 2184 1474 2249 ad

232 2289 357 2373 primat.
381 2290 486 2376 Hung.
510 2293 549 2357 21
570 2292 641 2375 julii
667 2292 775 2377 1880.)

336 2393 368 2459 8ἰ
392 2396 542 2479 parochus
564 2396 621 2462 has
645 2396 859 2480 promissiones
883 2395 1020 2480 accipere
1052 2397 1183 2480 nequeat
1212 2394 1284 2460 ante
1314 2394 1474 2477 dispensa·

232 2497 326 2563 tionis
347 2500 529 2583 petitionem
553 2519 608 2565 nee
629 2500 860 2567 matrimonium
884 2500 999 2565 differri
1027 2502 1139 2585 possit,
1167 2519 1232 2564 rem
1256 2498 1295 2564 ad
1318 2499 1383 2565 Nos
1405 2518 1474 2581 per·

233 2604 359 2682 scribat,
384 2607 419 2671 ut
440 2624 510 2670 eum
534 2606 572 2671 ad
596 2606 857 2690 dispensationem
882 2605 1017 2671 dandum
1043 2603 1185 2689 delegare
1210 2603 1369 2686 possimus

251 2709 254 2715 “
336 2707 389 2778 97.
420 2708 603 2787 Cantiones,
627 2711 861 2795 qualiscumque
885 2711 993 2775 harum
1016 2709 1115 2774 forma
1137 2711 1202 2788 eet,
1235 2706 1385 2794 ejusmodi
1408 2726 1474 2771 esse

233 2813 355 2891 dehent,
379 2817 414 2880 nt
432 2813 503 2879 inde
526 2815 711 2880 certitudine
734 2813 844 2880 morali
868 2815 987 2880 constet
1009 2816 1040 2879 et
1064 2813 1102 2878 de
1124 2832 1230 2879 earum
1247 2811 1425 2877 sinceritate
1442 2809 1475 2873 in

233 2917 398 3001 praesenti,
417 2921 449 2983 et
472 2918 510 2983 de
534 2918 753 3003 adimpletione
776 2919 806 2982 in
833 2920 998 3002 posterum.

339 3021 495 3087 Perochus
516 3023 624 3106 igitur,
646 3022 700 3106 qni
722 3022 845 3087 litteras
860 3021 1011 3106 supplices
1032 3020 1194 3086 Ordinario
1210 3020 1350 3104 porrigit,
1374 3018 1476 3085 cilicio

232 3144 288 3191 suo
310 3146 369 3191 non
392 3125 560 3206 satisfacit,
587 3126 612 3190 si
643 3126 858 3193 tantummodo
878 3126 1093 3210 promissiones
1114 3125 1152 3191 de
1177 3124 1339 3209 implendis
1359 3141 1473 3189 memo·

233 3230 310 3295 ratis
340 3230 567 3296 conditionibus
596 3230 635 3296 ab
667 3234 798 3314 utraque
829 3231 915 3314 parte
942 3230 1043 3295 factas
1066 3230 1104 3295 ad
1127 3228 1324 3297 Ordinarium
1350 3227 1476 3307 mittat;

232 3334 326 3400 simul
348 3335 430 3400 enim
452 3334 607 3401 declarare
622 3334 713 3400 debet
727 3355 759 3400 se
775 3354 885 3419 graues
901 3353 1009 3400 causas
1026 3354 1085 3399 non
1101 3334 1262 3414 detexisse,
1286 3353 1339 3399 eur
1355 3334 1476 3417 sponsis

235 3439 326 3504 fidem
351 3458 409 3506 non
433 3439 557 3506 haheat.

339 3542 395 3614 98.
432 3543 479 3608 dd
509 3543 740 3608 matrimonium
773 3545 903 3609 mixtum
930 3542 1096 3609 ineundum
1121 3543 1247 3607 minime
1275 3542 1408 3620 suflicit,
1440 3546 1476 3607 ut

235 3648 337 3732 sponsi
361 3648 518 3713 cautiones
542 3648 747 3731 praescriptas
769 3648 934 3713 admittere
959 3648 1059 3731 parati
1084 3649 1165 3724 sint;
1190 3646 1253 3724 sed,
1277 3649 1314 3713 ut
1330 3646 1476 3731 gravibus

235 3752 306 3817 fidei
327 3771 363 3818 ac
388 3770 508 3817 morum
532 3752 676 3836 periculis
696 3752 790 3817 etiam
814 3772 883 3817 cum
907 3754 1086 3837 opportunis
1110 3752 1306 3817 cantionibus
1322 3750 1427 3816 fideles
1443 3768 1476 3813 se

235 3875 382 3939 exponere
404 3856 560 3934 sinantur,
590 3876 684 3940 grase
712 3857 834 3941 aliquod
859 3857 1085 3923 incommodum
1105 3856 1280 3940 ceteroquin
1304 3873 1363 3919 non
1390 3852 1476 3918 deri·

234 3961 364 4027 tandum
387 3962 549 4027 immineat
570 3981 693 4027 necesse
715 3963 773 4028 est,
818 3961 950 4027 Omnino
972 3962 1069 4044 igitur
1090 3962 1123 4026 iu
1146 3959 1276 4043 supplici
1299 3957 1404 4023 libello
1427 3955 1474 4021 af·

235 4066 308 4131 terri
330 4066 442 4132 dehent
461 4066 563 4151 justae
586 4085 757 4150 grauesque
775 4054 891 4132 'causae
910 4067 946 4131 ed
964 4066 1221 4149 dispensationem
1237 4062 1476 4147 impetrandam.

236 4170 329 4255 (Oirc.
351 4170 435 4249 litsi3
457 4208 500 4219 —
520 4170 550 4237 S.
575 4170 608 4237 0.
631 4172 669 4237 de
695 4173 782 4255 Prop.
807 4172 846 4236 ed
871 4172 924 4255 llp.
951 4174 1054 4237 Aruer.
1076 4170 1184 4247 1868.)

340 4275 396 4346 99.
421 4276 600 4342 Curandum
619 4280 667 4342 est
682 4275 813 4360 denique
829 4277 970 4359 parocho,
995 4294 1031 4340 ne
1047 4276 1148 4358 sponsi
1165 4273 1279 4340 adeant
1300 4272 1476 4338 ministrum

236 4380 444 4446 acatholicum
467 4383 531 4446 sive
553 4384 626 4445 ante
649 4381 713 4446 sive
737 4385 805 4464 post
826 4380 1058 4445 matrimonium
1083 4380 1276 4445 contractum
1300 4396 1402 4442 coram
1423 4394 1476 4459 pa-

237 4484 328 4549 rocho
351 4484 521 4559 catholicor
553 4484 825 4568 adnotandumque
848 4484 907 4550 erit
932 4483 964 4548 in
987 4482 1117 4567 supplici
1141 4481 1246 4547 libello
1268 4499 1394 4565 sponsos
1416 4480 1475 4543 mi·

236 4588 368 4657 oistrum
392 4587 583 4654 haereticum
605 4606 664 4653 non
686 4606 752 4654 esse
775 4588 925 4654 adituros.
953 4586 997 4673 (S.
1020 4588 1057 4654 0.
1081 4586 1120 4651 17
1144 4586 1218 4653 iehr.
1242 4586 1350 4669 1864.)
