3275 4917
824 784 902 869 iiiii.

491 960 642 1043 iiecreie
668 958 973 1062 communionum
1002 959 1239 1041 Romanarum

246 1166 269 1222 l.
288 1166 364 1221 Deor.
382 1183 403 1223 s.
418 1166 518 1237 congr.
535 1168 567 1223 B.
586 1171 615 1223 et
630 1166 663 1223 U.
680 1168 784 1238 loquis.
801 1166 827 1223 (i.
846 1167 889 1223 2¹7.
902 1166 960 1223 Jnli
978 1166 1047 1223 lesa
1063 1166 1098 1223 ‹ie
1112 1168 1275 1223 crematione
1290 1167 1486 1223 detunctorum.

505 1324 687 1390 Beatissimo
710 1326 823 1391 Pater!

350 1464 605 1550 Archiepisoopos
626 1464 842 1549 ilribnrgensis
865 1464 903 1530 ad
928 1464 1020 1547 pedes
1043 1464 1073 1530 S.
1100 1465 1137 1532 V.
1162 1463 1340 1549 provolutus
1369 1461 1483 1527 humil·

244 1568 319 1635 lime
350 1569 430 1653 petit
459 1570 654 1653 sequentinm
682 1569 844 1636 dubiorum
874 1568 1108 1639 resolutionem:
1139 1569 1164 1634 1.
1186 1568 1297 1635 Utrum
1321 1566 1413 1631 liceat
1435 1584 1484 1630 sa·

246 1675 406 1739 crementa
439 1673 636 1739 merientium
668 1672 847 1739 ministrare
880 1672 1024 1737 fidelibus
1059 1673 1111 1757 qui
1143 1672 1331 1739 massonicae
1360 1669 1484 1755 quidem

245 1780 349 1843 seciae
372 1797 431 1843 non
452 1778 637 1858 adbaerent,
667 1798 722 1843 nec
743 1778 809 1844 eins
830 1776 915 1842 ducti
936 1776 1110 1861 principiis,
1139 1778 1191 1843 seri
1222 1776 1292 1843 aliis
1314 1774 1485 1841 rationibus

246 1883 323 1948 moti
345 1901 471 1966 corpora
494 1900 552 1948 suc
573 1883 791 1966 postmortem
818 1881 984 1947 cremanda
1014 1881 1221 1959 mandarunt,
1251 1880 1277 1945 si
1309 1880 1365 1945 bec
1396 1898 1483 1944 man·

246 1984 354 2051 datam
377 1988 546 2052 retractare
569 1986 692 2051 nolint?
722 1986 764 2054 II.
787 1986 899 2052 Utrum
922 1985 1015 2050 liceat
1031 2004 1084 2067 pre
1100 1984 1248 2064 fidelibus,
1273 2003 1401 2067 quorum
1418 2001 1484 2047 cor·

246 2109 320 2174 pora
339 2108 397 2155 non
421 2091 487 2155 sine
510 2092 644 2174 ipsoram
663 2090 754 2174 culpa
776 2092 914 2156 cremata
932 2091 1015 2169 sunt,
1038 2089 1147 2155 missae
1163 2087 1348 2154 sacrificium
1363 2086 1485 2172 publice

246 2194 354 2260 offerre
378 2194 426 2259 rel
449 2193 545 2259 etiarn
569 2194 713 2278 priuatim
736 2194 910 2278 applicare,
940 2193 1077 2277 itemque
1106 2193 1302 2258 fundationes
1336 2192 1373 2257 ed
1405 2191 1486 2255 hunc

246 2298 339 2363 finem
362 2298 525 2381 occipere?
569 2298 627 2365 III.
651 2298 763 2365 Utrum
787 2298 881 2364 liceat
903 2298 1089 2363 cadauerum
1117 2297 1296 2364 cremationi
1319 2294 1484 2380 cooperari,

246 2403 311 2468 siue
335 2402 481 2467 mandato
505 2422 540 2467 ac
560 2401 704 2479 consilio,
727 2402 792 2467 siue
812 2401 965 2485 praestita
987 2421 1096 2487 opera,
1120 2404 1153 2467 ut
1178 2402 1319 2481 medicis,
1343 2399 1486 2466 officiali·

246 2507 314 2585 bus,
335 2505 482 2590 operariis
505 2506 536 2571 in
560 2505 741 2571 coemeterio
766 2505 1028 2573 inservientibus?
1048 2509 1080 2572 et
1101 2509 1203 2571 utrum
1225 2507 1281 2571 hcc
1303 2504 1396 2571 liceat
1418 2504 1482 2570 scl-

247 2614 321 2690 tem,
345 2612 372 2676 si
395 2610 451 2677 liet
471 2611 502 2675 in
525 2610 659 2696 quadam
683 2610 867 2677 necessitate
890 2614 945 2676 aut
968 2610 1007 2675 au
1029 2610 1206 2677 evitandum
1231 2628 1380 2695 magnum
1395 2608 1484 2673 dam·

247 2718 343 2781 numi
380 2715 433 2781 lv.
457 2715 569 2782 Utrum
592 2715 688 2781 liceat
710 2715 816 2780 taliter
838 2714 1073 2800 cooperantibus
1092 2716 1268 2781 ministrare
1290 2715 1486 2780 sacramenta

246 2820 274 2885 si
296 2820 335 2885 ab
359 2819 417 2886 hac
439 2820 650 2905 cooperatione
672 2818 820 2886 desistere
841 2819 967 2898 nolunt,
998 2821 1052 2886 eut
1072 2819 1219 2886 desistere
1243 2838 1302 2886 non
1326 2838 1413 2903 posse
1436 2816 1483 2883 al·

246 2926 395 2990 firmanti
417 2962 458 2972 -
480 2925 568 2991 i'eria
589 2924 635 2990 IV
656 2924 706 2989 die
729 2925 781 2992 27.
798 2923 876 2990 Julii
894 2923 987 2989 1892.
1021 2924 1056 2988 in
1081 2922 1325 3008 Congregatione
1341 2922 1485 2988 Generali

247 3028 277 3094 8.
302 3030 389 3095 Rom.
412 3029 445 3093 et
469 3030 558 3094 Unir.
584 3029 806 3112 inquisitionis,
835 3028 998 3111 propositis
1021 3029 1238 3112 suprascriptis
1262 3028 1374 3106 dubiis,
1397 3046 1485 3110 prae·

247 3132 412 3215 habitoque
444 3133 590 3197 limorum
622 3132 689 3199 DI).
720 3131 937 3198 Ucosultornm
965 3134 1035 3198 voto
1068 3132 1135 3197 nni
1164 3152 1199 3197 ac
1228 3132 1297 3199 limi
1327 3132 1385 3196 [ini
1410 3130 1485 3197 Uar-

246 3235 366 3301 dinales
388 3236 420 3301 in
444 3236 534 3300 rebus
558 3235 631 3300 fidei
653 3238 685 3301 et
705 3255 826 3301 morum
843 3235 1011 3302 Generoles
1027 3238 1226 3322 inquisitores
1242 3235 1485 3321 respondendum

247 3342 450 3407 mandarunt:
478 3341 535 3407 nri.
560 3340 594 3408 i:
618 3340 650 3406 si
674 3341 782 3407 moniti
808 3343 959 3407 renuant:
984 3342 1148 3426 Negetiue.
1195 3342 1236 3408 Ut
1259 3360 1329 3407 sero
1352 3341 1409 3407 liet
1430 3342 1486 3407 sut

245 3446 410 3513 omittatur
432 3446 577 3525 monitio,
606 3450 767 3511 seruentur
788 3446 915 3530 regulae
938 3465 957 3512 a
979 3446 1116 3532 probatis
1139 3446 1316 3513 auctoribus
1338 3446 1485 3525 traditae,

246 3551 355 3617 bobita
378 3551 556 3634 praesertim
580 3550 699 3615 ratione
721 3550 861 3617 scandali
884 3551 1014 3617 uitandi.
1060 3551 1109 3617 Ad
1134 3552 1181 3617 il:
1216 3550 1304 3617 circo
1330 3550 1486 3636 publicam

246 3654 277 3721 S.
311 3654 427 3721 Missae
459 3655 719 3737 applicationem:
750 3654 924 3739 Negotium
958 3656 1041 3722 eirca
1071 3656 1244 3740 priuatam:
1280 3655 1487 3722 affirmative.

248 3758 296 3824 Ari
319 3757 385 3825 111:
416 3756 583 3840 Nunquam
612 3758 704 3824 licere
735 3757 909 3825 formaliter
936 3760 1088 3844 cooperari
1112 3761 1260 3827 mandato
1281 3759 1329 3825 vel
1349 3758 1485 3827 coneilio.

246 3862 384 3929 'tolerari
404 3864 509 3926 autem
534 3862 699 3945 aliqnando
722 3882 809 3947 posse
833 3864 1026 3929 materialem
1043 3865 1296 3948 cooperationem,
1320 3863 1486 3930 dummodo

247 3968 282 4032 1i
303 3966 452 4031 crematio
482 3985 541 4032 non
572 3968 722 4033 habeatur
745 3971 912 4053 prosigue
935 3968 1136 4053 protestative
1161 3968 1350 4035 messonicoe
1372 3970 1486 4048 sectae,

245 4073 281 4135 2⁰
301 4089 359 4136 non
384 4070 502 4154 aliquid
525 4071 556 4136 io
578 4070 646 4156 ipsa
666 4072 861 4139 contineatur
882 4073 962 4157 qaod
988 4092 1039 4157 per
1063 4092 1104 4153 se,
1129 4072 1255 4153 directe,
1280 4076 1374 4157 atque
1398 4072 1487 4137 unice

245 4174 398 4259 exprimat
420 4175 663 4258 reprobationem
686 4177 859 4242 cctboiioae
882 4177 1041 4243 doctrinae
1060 4179 1090 4243 ei
1105 4178 1354 4262 approbationem
1373 4179 1486 4243 sectae.

245 4281 281 4342 3⁰
300 4297 397 4362 neque
417 4281 538 4345 constet
560 4278 707 4346 officiales
728 4283 761 4345 ei
782 4282 937 4364 operarios
957 4265 1125 4348 catholicos
1155 4282 1193 4347 ed
1224 4300 1299 4366 opus
1329 4280 1414 4367 adigi
1438 4281 1486 4345 vel

246 4383 347 4450 vocari
374 4384 405 4449 in
432 4385 644 4468 contemptum
674 4383 846 4450 catholicae
875 4385 1043 4471 religionis.
1092 4384 1255 4453 Caeterum
1286 4386 1427 4470 quamuis
1454 4385 1486 4449 in

246 4489 330 4555 bisce
350 4489 472 4554 casibus
494 4488 685 4573 relinquendi
708 4489 771 4554 sint
795 4488 826 4554 in
850 4489 929 4555 bone
951 4490 1027 4569 ilde,
1058 4509 1178 4575 semper
1207 4490 1312 4555 tanuen
1344 4489 1487 4555 monendi

246 4598 319 4661 sunt
342 4613 379 4660 oe
402 4594 581 4660 cremationi
603 4594 757 4677 cooperari
783 4594 955 4662 intendant.
997 4595 1048 4661 Ad
1069 4595 1132 4661 IV:
1157 4594 1318 4661 Provisum
1340 4595 1373 4659 in
1395 4612 1486 4679 prae·
