3275 4917
235 234 277 302 78
340 253 460 324 smper,
480 250 628 324 aeternae
646 268 704 309 sur
725 250 920 324 wurdcponp
939 255 994 311 der
1016 252 1378 312 Decretietenlitlerulur.

232 425 421 492 contrarium
445 426 652 491 videturesse
674 425 754 510 quod
779 426 810 491 in
831 426 895 492 XL.
918 426 990 493 dist.
1011 426 1167 493 invenitur
1190 428 1220 495 b.
1244 446 1269 492 e.
1308 428 1399 494 »Nou
1423 449 1477 495 nos

235 530 377 596 beatum«
402 532 443 611 [e.
463 532 511 608 l];
534 528 577 594 ibi
592 529 673 595 enim
688 528 801 595 dieitur
816 530 897 615 quod
913 578 1024 598 .....
1047 529 1098 596 Sic
1114 549 1187 614 ergo
1202 531 1257 595 ille
1273 531 1358 598 locus
1374 533 1478 619 digni-

231 635 308 701 tatis
327 636 381 699 aut
402 634 544 699 sanetum
571 634 688 700 invenit
711 636 765 699 aut
789 637 932 701 sanetum
955 633 1039 703 tacit.
1065 635 1089 699 li
1111 638 1221 701 contra
1244 635 1367 702 videtur
1390 637 1472 704 velie

232 762 361 828 sequens
384 742 551 818 decretum,
573 742 630 807 boe
651 742 718 808 scil.
745 742 833 807 »Non
850 742 919 807 loca
941 741 989 806 nel
1011 740 1132 808 ordines
1147 744 1206 808 etc.
1229 742 1270 826 [c.
1293 743 1322 809 4.
1347 742 1383 808 D.
1399 741 1476 827 4013

233 852 264 913 et
287 846 433 912 similiter
455 846 535 930 quod
560 845 674 912 dieitur
694 846 726 909 in
750 846 807 912 boo
831 846 905 912 loco.
946 846 993 910 dd
1016 846 1073 911 boe
1095 845 1269 924 dicendum,
1293 845 1373 931 quod
1392 846 1477 911 locus

232 952 286 1017 ille
306 970 394 1015 suam
416 949 511 1015 babet
533 950 779 1035 prerogativam:
800 949 881 1015 uode
896 950 991 1014 etiam
1009 948 1188 1015 Ambrosius
1210 949 1287 1015 dicit
1308 950 1389 1034 quod
1412 950 1475 1015 im·

234 1054 377 1140 possibile
400 1053 442 1119 sit
465 1053 553 1119 illum
578 1074 636 1119 non
658 1053 782 1131 salvari,
806 1072 860 1137 pre
875 1073 935 1137 quo
952 1055 1020 1119 tota
1038 1055 1106 1120 orat
1124 1053 1263 1119 ecclesia.
1307 1053 1478 1138 Pririlegia

234 1178 304 1226 uero
334 1177 499 1243 paucorum
529 1176 721 1224 communem
755 1159 858 1243 legem
892 1176 953 1223 non
985 1156 1122 1237 iaciunt,
1156 1177 1212 1223 nac
1235 1159 1389 1224 communi
1413 1157 1476 1243 legi

232 1264 399 1347 derogant,
431 1281 484 1328 nec
512 1262 663 1330 trahenda
693 1264 766 1328 snut
797 1262 1113 1348 inconsequentiam.
1160 1261 1381 1327 Verumtamen
1403 1260 1477 1346 quia

232 1368 310 1433 torte
334 1385 393 1432 uon
416 1384 535 1451 semper
560 1386 663 1431 rerum
687 1370 745 1443 est,
772 1366 853 1450 quod
878 1367 962 1432 locus
985 1366 1040 1431 ille
1064 1368 1119 1431 aut
1140 1368 1282 1431 sanetum
1302 1364 1399 1432 iaciat
1421 1368 1476 1431 aut

232 1473 373 1537 sanetum
397 1470 534 1535 inueniat
560 1508 597 1519 -
622 1470 704 1554 qnia,
729 1490 799 1536 eum
825 1470 904 1535 male
927 1470 1027 1547 docet,
1056 1470 1171 1536 multos
1195 1488 1298 1535 seeum
1322 1470 1422 1536 trahit
1445 1471 1475 1535 in

233 1576 422 1659 gehennom,
450 1574 651 1658 utelibim)
674 1574 854 1639 dieitur-
877 1574 998 1639 dicatur
1032 1574 1101 1639 ideo
1136 1573 1254 1640 dictum
1285 1592 1369 1653 esse,
1402 1574 1477 1657 quie

233 1680 408 1764 frequenter
430 1678 475 1745 sic
498 1678 610 1746 evenit.
648 1678 687 1744 Di
709 1678 789 1763 quod
811 1678 993 1744 Ambrosius
1016 1676 1102 1757 dicit,
1124 1679 1204 1762 qued
1227 1678 1415 1761 impossibile
1433 1678 1477 1743 sit

232 1803 301 1849 oum
326 1782 539 1861 uersabant,
571 1781 809 1867 intelligendum
835 1784 882 1847 est
905 1782 942 1846 de
965 1800 1017 1860 eo,
1047 1781 1099 1865 qui
1129 1781 1317 1863 apostoliens
1345 1784 1393 1848 est
1416 1802 1474 1848 nou

232 1888 353 1954 nomine
374 1889 517 1965 tantum,
540 1886 594 1953 sed
619 1887 747 1956 merito:
772 1890 804 1952 ei
827 1886 921 1951 talem
944 1904 1003 1952 non
1025 1885 1139 1950 salvari
1164 1936 1172 1951 .
1199 1938 1205 1950 .
1231 1936 1239 1950 .
1263 1889 1311 1951 est
1333 1887 1476 1971 impossi-

234 1994 303 2059 bile.
351 1991 407 2056 Vel
429 1992 560 2071 dicatur,
584 1991 664 2076 quod
688 1992 729 2057 sit
752 1990 943 2075 impossibile
966 1991 986 2056 i.
1011 2008 1037 2056 e.
1060 1990 1199 2055 difficile.

338 2094 385 2160 bd
413 2095 495 2160 Dici.
524 2095 611 2160 Grai.
640 2114 683 2177 ps.
707 2095 740 2160 Il
768 2114 795 2162 o.
827 2114 852 2161 e.
876 2095 926 2161 12.
952 2093 989 2157 D.
1014 2094 1064 2161 12.
1088 2143 1098 2161 .
1123 2146 1131 2159 .
1155 2145 1194 2161 ..
1226 2094 1384 2178 Quomodo
1406 2096 1476 2161 lla·

233 2199 441 2276 anianenses,
472 2219 540 2264 cum
565 2200 663 2283 primo
686 2201 846 2264 uterentur
868 2200 1012 2264 carnibus
1035 2198 1182 2279 sabbato,
1212 2200 1437 2266 excusabuntur
1456 2218 1476 2263 s

232 2302 503 2388 transgressione?
546 2302 691 2368 Nondum
723 2302 803 2367 enim
835 2303 933 2386 primo
956 2304 1004 2368 vel
1027 2304 1161 2368 secundo
1184 2304 1314 2369 sabbalo
1337 2305 1404 2369 erat
1427 2303 1475 2368 uel

231 2408 292 2473 diei
315 2408 435 2492 poterat
458 2406 646 2472 connsuetndo
670 2424 792 2483 eorum,
827 2406 880 2472 sed
908 2406 986 2473 torte
1016 2426 1114 2472 mores
1136 2427 1240 2473 eorum
1265 2410 1353 2474 erant
1375 2408 1476 2490 primo

231 2516 263 2578 et
286 2510 418 2577 secundo
441 2513 472 2576 et
491 2509 586 2576 tercio
609 2511 755 2588 sabbato,
787 2511 882 2576 donec
912 2510 1037 2576 tandem
1059 2530 1162 2575 annua
1185 2513 1296 2577 saltem
1319 2511 1475 2576 diuturni·

232 2618 297 2683 tate
319 2615 454 2681 roborati
477 2615 552 2680 laeti
575 2619 649 2679 suut
671 2614 869 2681 cousuetudo.
912 2615 978 2680 Nec
1008 2618 1098 2681 erant
1123 2619 1197 2680 tunc
1219 2617 1475 2700 transgressionis

231 2721 293 2801 rei,
324 2720 477 2806 quianon
503 2721 681 2803 receperunt
703 2719 779 2784 illud
804 2719 980 2797 decretum,
1011 2720 1066 2784 sed
1097 2720 1229 2785 scienter
1252 2721 1419 2786 utebantur
1442 2720 1474 2784 in

231 2826 430 2903 eontrarium,
453 2825 535 2909 quia,
559 2828 595 2890 ut
618 2827 700 2891 retro
723 2824 842 2889 dietum
865 2826 921 2902 est,
947 2822 1132 2907 quibusdam
1155 2824 1323 2908 derogatur
1338 2825 1475 2891 moribus

231 2931 385 2996 utentium
407 2930 439 2995 in
458 2930 655 2995 contrarium.
684 2928 851 2995 Verissima
872 2932 975 2993 temen
996 2932 1043 2994 est
1065 2928 1179 2994 solutio
1194 2929 1305 3007 dicere,
1329 2929 1473 3013 quoniam

230 3035 269 3101 ad
292 3036 526 3113 monterionem,
552 3053 611 3099 nou
635 3034 674 3099 ad
699 3036 892 3101 necessitatis
915 3032 1124 3116 probationem
1147 3033 1264 3099 dictum
1281 3035 1329 3099 est
1344 3034 1473 3098 sabbalo

232 3158 291 3204 non
312 3138 404 3203 licere
427 3138 475 3202 uti
498 3137 654 3202 carnibus.

337 3242 417 3310 Dist.
442 3242 482 3306 13
506 3242 590 3325 princ
594 3290 728 3307 .....
753 3242 799 3321 lli,
824 3242 875 3325 qui
900 3242 1000 3325 egerit
1020 3252 1129 3308 contra
1148 3242 1401 3307 consuetudinem
1426 3242 1471 3307 rel

229 3346 329 3431 legem
354 3348 512 3429 scriptam,
537 3363 753 3428 nonnunquam
775 3345 973 3429 indulgetur:
998 3349 1064 3411 tum
1089 3366 1142 3429 pro
1165 3350 1311 3429 ternpore,
1336 3351 1402 3411 turn
1420 3366 1473 3431 pro

231 3468 356 3535 persone
378 3449 539 3533 qualitate,
564 3458 600 3517 ut
622 3456 651 3517 si
668 3452 710 3515 sil
730 3452 834 3530 frater
852 3453 945 3533 repis.

336 3554 381 3618 Ad
405 3574 432 3624 c.
450 3555 478 3622 1.
504 3554 541 3619 D.
569 3556 607 3618 15
633 3604 639 3616 .
664 3602 672 3619 .
697 3603 704 3619 .
726 3602 734 3619 .
759 3554 850 3619 Hune
873 3556 981 3638 genuit
1004 3555 1295 3640 Constantinusm)
1315 3554 1353 3620 de
1379 3556 1473 3621 lllena

230 3657 398 3724 concubina
415 3658 557 3742 Angliea‚
583 3666 617 3723 ut
640 3659 737 3734 aiunt.
761 3677 854 3741 quarn
879 3660 956 3723 torte
979 3661 1085 3743 postea
1109 3678 1161 3742 pro
1185 3660 1328 3744 legitima
1350 3659 1472 3725 babuit.

230 3798 272 3809 -
298 3761 354 3826 Dia
380 3761 673 3845 Worterirlltrungen
698 3761 751 3828 des
774 3782 799 3827 o.
829 3762 856 3830 1.
885 3764 913 3847 9.
940 3764 968 3829 7.
995 3764 1030 3827 D.
1057 3765 1097 3827 15
1134 3764 1253 3829 werden
1279 3763 1400 3828 lebbait
1421 3764 1473 3828 be·

229 3865 379 3949 mangelt,
399 3864 461 3929 und
485 3864 540 3931 der
564 3864 731 3946 Versussen
754 3866 884 3933 welcber
906 3867 1062 3933 dieselben
1086 3867 1265 3952 beriabtigt‚
1290 3868 1472 3952 missbilligt

230 3988 280 4047 as,
311 3968 383 4033 dass
413 3968 543 4035 Gradiuo
575 3970 625 4036 die
654 3970 869 4056 vorliegenden
894 3971 1012 4037 Stellen
1038 3972 1213 4056 uberhaupt
1236 3972 1472 4056 anigenommen

230 4071 296 4137 hat.
340 4074 395 4156 (br
414 4073 480 4140 aine
504 4074 560 4141 hoc
583 4094 658 4140 cena
679 4075 748 4141 duci
771 4079 873 4161 posset
897 4126 904 4140 .
928 4126 935 4141 .
959 4128 967 4142 .
992 4127 999 4141 .
1024 4076 1065 4140 Dt
1086 4077 1158 4141 nota
1182 4075 1260 4158 quod
1287 4076 1342 4141 bec
1365 4075 1472 4142 littera

230 4176 323 4241 etiarn
348 4178 507 4260 peritiores
530 4179 620 4245 t'acile
645 4181 759 4264 poterit
781 4180 944 4266 impedire)
957 4184 1022 4258 ¹²⁴).

332 4352 395 4423 222)
412 4352 442 4410 C.
458 4357 483 4410 6.
502 4354 536 4410 D.
554 4356 596 4409 40.

332 4438 395 4509 223)
413 4442 449 4495 lle
465 4442 504 4496 iat
520 4440 639 4496 offenbar
658 4440 867 4497 ›Constantius‹
887 4456 919 4494 uu
937 4440 1099 4496 erneudiren.

330 4526 393 4596 aad)
411 4528 453 4582 ud
465 4545 486 4582 e.
499 4528 524 4583 3.
544 4526 693 4582 laludio
713 4526 808 4581 beiden
828 4525 939 4592 Stelleu,
960 4528 988 4581 in
1008 4528 1124 4584 walchen
1142 4530 1192 4584 aul
1209 4528 1277 4585 lro's
1300 4530 1398 4584 Deerat
1419 4529 1471 4583 Be·

225 4627 278 4681 τις
292 4630 451 4683 gauommen
468 4612 542 4677 wind,
561 4612 616 4667 und
637 4612 680 4667 die
700 4613 818 4679 soluite,
839 4613 933 4668 ileseln
952 4612 978 4669 d.
997 4614 1128 4683 Qualia.
1149 4616 1213 4670 biit.
1233 4615 1254 4673 1.
1272 4616 1306 4670 44
1322 4615 1371 4669 sub
1390 4614 1430 4667 llo
1444 4617 1474 4681 l,
