3275 4917
818 704 896 786 ΧΙΙΙ.

247 862 401 943 litterae
427 862 646 963 spostolicae
674 860 799 942 leonis
826 860 944 965 Papae
966 861 1044 943 lllll.
1070 861 1114 942 de
1141 860 1322 962 disciplina
1344 860 1465 941 drien-

543 985 662 1063 tulturn
691 985 936 1066 conservanda
961 987 998 1065 et
1024 984 1163 1065 menda

248 1154 311 1219 Leo
333 1151 512 1234 Episcopus
533 1170 642 1217 ecrmrs
664 1172 824 1217 seruorum
848 1150 910 1216 Dei
932 1152 976 1216 od
992 1157 1177 1233 perpetuum
1198 1152 1247 1216 rec'
1267 1151 1461 1215 memoriam.

337 1322 542 1389 Orientalium
572 1323 710 1409 dignitas
745 1324 972 1399 Ecclesiarum,
1006 1324 1194 1407 pervetustis
1227 1342 1330 1389 rerum
1367 1342 1478 1387 monn·

234 1428 345 1493 mentis
368 1428 472 1513 eisque
496 1428 670 1512 insignibus
689 1430 915 1507 commendata,
939 1447 1088 1513 maguam
1111 1427 1206 1492 babet
1222 1429 1288 1493 toto
1304 1427 1477 1493 christiano

233 1533 305 1599 orbe
329 1532 554 1598 venerationem
579 1534 610 1598 et
634 1532 774 1617 gloriam.
821 1533 913 1617 Apud
935 1532 1006 1599 illas
1029 1531 1126 1608 enirn,
1150 1532 1230 1596 inita
1252 1531 1477 1615 benignissimo

234 1636 290 1702 Dei
311 1637 438 1703 consilio
460 1638 615 1702 humunae
638 1638 857 1721 redemptionis
882 1635 1065 1721 primordia,
1098 1636 1238 1702 celeriter
1268 1636 1307 1701 sd
1338 1655 1375 1701 ea
1403 1655 1474 1720 pro·

233 1760 377 1825 paravere
401 1742 598 1820 incrementa,
624 1744 658 1806 ut
681 1741 788 1808 laudes
812 1743 1004 1826 apostolatus
1025 1744 1059 1808 et
1083 1741 1240 1827 martyrii,
1263 1740 1420 1806 doctrinae
1442 1742 1477 1805 et

233 1846 411 1913 sanctitatis
434 1846 532 1931 primo
556 1847 667 1913 bonore
687 1846 856 1924 floruerint,
882 1846 1012 1931 primam
1029 1845 1300 1911 saluberrimarum
1318 1845 1475 1910 fructuum

233 1951 387 2017 laetitiam
410 1950 574 2017 ediderint.
627 1952 669 2016 llr
702 1952 763 2016 illis
794 1954 899 2017 sutem
930 1952 1088 2035 perampla
1119 1951 1335 2016 beneficiorum
1367 1951 1413 2013 ris
1443 1949 1473 2014 in

233 2056 350 2122 ceteros
372 2056 436 2121 late
459 2056 585 2139 populos
610 2056 688 2122 mire
711 2056 871 2141 profluxit;
902 2076 996 2140 quum
1019 2054 1215 2122 beatissimus
1238 2056 1367 2133 Petrus,
1391 2056 1474 2137 prin·

233 2178 303 2243 ceps
343 2160 501 2243 apostolici
540 2160 671 2237 ordinis,
716 2159 921 2243 multiplicem
967 2161 1078 2226 erroris
1122 2159 1250 2243 vitiique
1286 2160 1471 2243 pravitatem

233 2264 427 2344 disiecturus,
451 2264 555 2329 lumen
581 2265 722 2331 veritatis
745 2266 878 2343 divinae,
902 2265 1099 2349 euangelium
1123 2265 1217 2349 pacis,
1242 2263 1359 2331 Christi
1374 2264 1470 2329 liber·

233 2369 330 2434 tatem
361 2370 393 2433 in
421 2368 578 2433 dominam
610 2369 749 2453 gentium
780 2370 886 2434 urbem
916 2370 1041 2436 coelesti
1076 2370 1200 2436 numine
1222 2369 1340 2434 intulit.
1365 2404 1403 2416 -
1428 2368 1471 2431 At

233 2473 379 2539 Ecclesiis
400 2472 609 2539 Orientalibus
634 2474 771 2540 Romana
794 2474 1006 2558 potissimum,
1038 2474 1235 2541 ecclesiarum
1261 2473 1394 2539 omniurn
1418 2488 1468 2535 ca·

234 2578 308 2661 put,
336 2596 410 2644 sune
442 2580 592 2662 quantum
626 2578 749 2644 honoris
778 2581 810 2644 et
833 2578 976 2645 caritatis
998 2577 1069 2643 inde
1091 2597 1110 2643 a
1133 2578 1281 2644 memoria
1305 2574 1472 2661 apostolica

233 2682 368 2748 tribuere
390 2683 548 2749 consuerit
570 2685 602 2748 et
624 2702 715 2767 quam
739 2682 823 2748 fideli
846 2683 989 2767 obsequio
1012 2682 1149 2749 vicissim
1173 2682 1306 2759 laetari;
1336 2680 1473 2746 easdem·

161 2852 162 2855 ,
233 2806 301 2871 que,
325 2806 378 2871 per
400 2787 486 2853 seria
505 2786 615 2853 deinde
638 2788 731 2871 atque
747 2787 859 2853 acerbe
875 2791 1024 2871 tempora,
1046 2806 1239 2871 nequaquam
1257 2787 1325 2871 ipss
1340 2784 1472 2863 destitit,

233 2890 427 2975 providentia
446 2893 477 2957 et
500 2891 686 2973 benefactis,
711 2911 729 2957 a
752 2892 880 2958 iacturis
903 2891 1031 2977 erigere,
1055 2891 1213 2957 devinctos
1238 2890 1389 2967 retinere,
1420 2908 1470 2953 re·

233 3014 340 3062 vocare
363 2996 526 3062 discordes.
571 2997 680 3081 Neque
703 2997 848 3062 ultimum
872 2996 950 3061 illud
974 2996 1032 3062 luit
1057 2995 1239 3081 vigilantiae
1261 2994 1414 3075 odicium,
1438 2995 1474 3058 nt

234 3100 370 3184 proprias
399 3100 547 3185 cuiusque
580 3100 741 3168 orientalis
773 3101 875 3183 gentis
906 3101 1143 3167 consuetudines
1171 3117 1389 3183 sacrorumque
1418 3116 1471 3162 ra-

233 3204 349 3283 tiones,
378 3224 456 3289 ques
486 3224 540 3289 pre
572 3206 726 3288 potestate
749 3207 781 3271 et
801 3205 954 3289 sapientia
976 3224 1032 3271 sua
1054 3204 1213 3289 legitimus
1236 3203 1397 3283 edixisset,
1424 3202 1473 3267 in-

231 3310 337 3393 tegras
361 3310 390 3374 in
413 3310 457 3375 eis
481 3312 628 3394 perpetuo
648 3309 817 3376 custodiret
848 3330 883 3377 ac
911 3312 1065 3376 tueretur:
1097 3309 1187 3375 cuiue
1213 3309 1258 3374 rei
1289 3308 1473 3374 documento

232 3413 330 3479 mults
353 3416 426 3479 sunt
448 3434 526 3498 qnae
550 3414 728 3480 Decessores
754 3414 928 3490 Pontifices,
952 3433 1022 3479 cum
1038 3413 1146 3498 primis
1162 3413 1238 3478 Pius
1252 3412 1307 3479 IX.
1328 3411 1379 3477 fel.
1397 3430 1470 3489 rec,

233 3517 281 3584 rel
303 3519 368 3584 suis
389 3518 450 3603 ipsi
472 3518 551 3585 actis
575 3520 622 3584 vel
642 3538 696 3603 per
719 3537 842 3585 sacrum
864 3518 1034 3583 Consilium
1064 3518 1233 3584 christiano
1264 3515 1381 3583 nomini
1404 3534 1473 3600 pro-

233 3622 375 3708 pagando
397 3621 634 3707 prudentissime
657 3625 852 3691 censuerunt.
878 3660 916 3670 -
940 3622 1010 3689 Non
1034 3621 1150 3688 minore
1172 3623 1303 3705 permoti
1326 3621 1391 3686 Nos
1413 3619 1470 3684 ad-

232 3727 378 3812 ductique
400 3726 516 3806 studio,
541 3727 598 3792 rub
621 3726 687 3810 ipsa
712 3726 909 3810 pontificatus
931 3727 1037 3805 initia,
1062 3728 1100 3792 ad
1125 3726 1313 3793 christianas
1337 3725 1473 3791 Orientis

233 3830 370 3898 nationes
392 3832 495 3896 ocules
514 3833 708 3915 peramanter
732 3831 947 3898 convertimus.
992 3830 1219 3897 Maturavimus
1249 3830 1373 3915 quidem
1401 3848 1473 3893 con·

232 3935 312 4001 terre
335 3953 424 4000 curas
448 3935 487 3999 ad
511 3954 615 4001 earum
640 3936 818 4002 allevandas
841 3936 1057 4012 necessitates,
1090 3935 1227 4021 aliasque
1257 3953 1365 4001 sumus
1388 3932 1474 3999 dein·

233 4058 304 4122 ceps
334 4040 507 4107 occasiones
539 4040 621 4105 nacti
652 4044 796 4107 actuosae
826 4040 1058 4107 benevolentiae
1088 4040 1272 4106 testandae:
1309 4038 1362 4103 sed
1394 4037 1473 4103 nibil

232 4144 367 4228 proiecto
390 4142 548 4228 antiquius
570 4146 768 4230 sanctiusque
791 4144 851 4210 luit
873 4163 970 4228 neque
989 4148 1046 4224 est,
1068 4164 1161 4227 quam
1181 4143 1292 4210 animis
1309 4164 1379 4207 cum
1395 4140 1473 4208 Sede

234 4248 410 4332 Apostolica
433 4248 604 4327 obstrictis,
636 4249 711 4315 adeo
740 4250 772 4314 in
805 4249 849 4315 eis
877 4248 1015 4314 ardorem
1037 4249 1171 4314 excitare
1195 4251 1226 4313 et
1249 4247 1473 4313 fecunditatem

232 4352 321 4432 fidei,
344 4354 379 4418 ut
399 4351 437 4419 ad
461 4352 610 4419 maiorum
635 4352 849 4419 excellentiam
872 4356 905 4417 et
926 4353 1049 4419 laudem
1077 4352 1224 4436 exemplis
1248 4350 1402 4417 renovatis
1425 4350 1474 4415 ni·

231 4458 347 4522 tantur.

334 4560 400 4625 lanu
424 4558 514 4625 licuit
531 4558 649 4643 aliquot
664 4560 843 4626 adiumenta
860 4561 1005 4628 dcclesiis
1022 4560 1086 4626 illis
1100 4561 1219 4628 afferre.
1237 4558 1472 4642 -Collegium
