3275 4917
407 242 550 313 b'pncdm
570 244 754 301 cccccccccc
775 244 1012 315 Arycrrllncrceic
1031 260 1059 301 α.
1079 243 1164 302 1894.
1343 224 1404 294 451

265 414 334 486 lut.
357 417 394 482 In
418 436 544 502 egressu
565 435 583 483 e
605 416 695 484 domo
719 416 889 500 parochiali
912 436 948 482 aa
964 436 982 483 a
999 417 1113 485 vicario
1134 421 1306 500 serrantur,
1329 438 1408 504 quae

160 522 211 589 tit.
245 520 310 587 »De
338 521 507 587 residentia
538 522 737 605 parochorum
770 523 801 586 et
829 520 1030 587 vicariorum«
1068 522 1308 606 praecipiuntur.
1362 524 1409 590 Do

162 628 263 692 cetero
285 626 317 690 in
340 626 431 692 aedes
452 626 708 709 parochianorum
732 624 850 690 risendi
871 644 966 691 causa
990 644 1028 692 na
1050 646 1083 693 se
1103 628 1243 694 conterat
1265 627 1406 707 vicarius,

163 730 220 795 nisi
243 730 276 795 id
298 730 435 814 postulet
458 730 524 815 ipsa
547 730 720 795 animarum
742 750 825 795 eura.
870 729 978 797 Otiosa
1002 730 1154 816 colloquia
1180 732 1213 797 in
1236 751 1292 798 sno
1311 732 1408 816 ipsius

162 834 304 902 eubiculo
327 854 397 900 cum
421 834 635 918 parochianis,
666 835 846 917 praesertim
878 854 947 899 cum
971 834 1095 900 feminis
1115 835 1248 901 sollicite
1272 836 1406 904 devitet:

161 938 274 1005 talium
299 938 595 1017 confabulationum,
617 957 688 1004 cum
711 941 834 1004 exortae
857 942 958 1017 erunt,
982 940 1074 1006 finem
1096 940 1197 1006 lacere
1220 941 1407 1017 maturabit3

135 1063 139 1069 ·
161 1044 186 1107 si
205 1062 263 1109 non
280 1042 438 1121 liniantur,
461 1043 589 1107 comitor
604 1042 657 1107 sed
675 1042 753 1106 nihil
771 1042 930 1108 haesitans
946 1044 1112 1127 abrumpat
1127 1046 1159 1108 et
1174 1063 1233 1109 uon
1250 1044 1407 1110 iterandas

161 1166 228 1213 esse
250 1146 423 1213 denuntiet.
469 1147 576 1231 Neque
598 1146 678 1211 enim
700 1146 769 1211 ideo
792 1146 823 1210 in
843 1146 1019 1229 parochiam
1049 1147 1162 1214 missus
1193 1152 1241 1214 ast
1263 1148 1405 1226 sicarius,

162 1253 198 1316 nt
219 1252 278 1318 sihi
301 1252 438 1317 fautores
459 1249 505 1317 ibi
527 1250 686 1336 acquirat,
717 1239 771 1315 sed
804 1254 840 1316 ut
860 1251 1022 1316 animabus
1043 1251 1287 1318 Christianorum
1309 1254 1406 1319 inser·

162 1356 256 1436 viena,
280 1372 333 1420 eas
355 1374 409 1421 suo
431 1356 559 1438 pastori,
583 1354 705 1420 scilicet
727 1354 869 1437 parocho,
892 1353 1026 1421 tidelitor
1050 1359 1210 1441 aggreget.

265 1457 340 1528 118.
363 1458 451 1525 hicet
468 1459 628 1541 parociam
649 1458 693 1523 sit
713 1459 828 1525 vicario
850 1458 1052 1543 praepositus,
1075 1462 1181 1526 tamen
1204 1460 1276 1526 huic
1304 1480 1406 1527 coram

130 1618 135 1625 .
161 1563 356 1647 parochianis
371 1566 408 1629 ut
421 1561 572 1628 sacerdoti
589 1561 745 1639 honorem,
760 1564 798 1627 ut
812 1562 1002 1645 cooperatori
1019 1563 1262 1629 benevolentiam
1273 1564 1405 1646 tribuat,

160 1667 331 1733 salvatoris
354 1667 494 1750 vestigiis
516 1666 697 1743 inhaerens,
727 1667 799 1749 qni,
824 1684 894 1733 cum
917 1684 936 1731 a
960 1669 1090 1733 mortuis
1112 1666 1309 1747 surrexisset,
1332 1687 1405 1753 apo·

161 1773 258 1838 stolos
281 1772 393 1837 iratres
416 1789 487 1836 snos
509 1788 617 1835 uocare
640 1770 788 1854 dignatus
811 1772 868 1837 est.

265 1876 500 1960 Gooperatorem
521 1878 682 1941 strenuum
705 1877 738 1941 et
758 1875 931 1941 modestum
962 1876 1114 1960 parochus
1145 1876 1194 1941 vix
1223 1878 1326 1961 potest
1355 1882 1407 1944 sat

162 1982 267 2066 magni
289 1980 465 2047 aestimare.
506 1980 567 2047 Sed
599 2000 668 2047 cum
699 1980 732 2045 in
762 1980 876 2046 vicario
906 1979 1042 2064 aliquam
1066 1981 1280 2047 notabiliorem
1303 1982 1404 2048 lahem

162 2085 409 2169 deprehenderit,
432 2084 661 2169 delinquentem
684 2085 840 2168 patienter
861 2085 1028 2151 sustinebit
1051 2086 1084 2151 et
1103 2084 1142 2150 ad
1167 2086 1293 2152 meliora
1316 2086 1405 2153 radu-

161 2209 229 2255 cere
251 2189 426 2256 contendet.
472 2188 558 2272 Quod
582 2189 608 2253 si
632 2187 816 2255 monitiones
837 2188 917 2255 nihil
939 2188 1140 2273 profecerint,
1173 2189 1220 2256 rel
1244 2190 1270 2255 si
1293 2193 1406 2275 agatur

160 2294 199 2359 de
222 2294 335 2361 delicto
356 2293 506 2378 graviore,
528 2312 593 2359 rem
614 2292 652 2357 ad
677 2292 819 2359 notitiam
843 2293 999 2360 Ordinarii
1023 2292 1151 2360 deierat.
1182 2293 1226 2359 At
1247 2314 1403 2378 nunquam

159 2399 198 2464 de
216 2398 331 2465 vicario
352 2416 455 2464 coram
476 2398 547 2491 aliis
568 2396 730 2476 detrahet,
758 2397 872 2463 nodum
895 2416 966 2463 eum
989 2398 1021 2463 iu
1043 2399 1207 2483 conspectu
1230 2399 1327 2465 totius
1349 2419 1405 2485 pa·

160 2503 283 2569 rachiae
310 2500 493 2569 dedecorare
513 2501 635 2569 audeat.

263 2606 338 2676 loa.
362 2608 433 2674 Non
456 2607 544 2673 decet
567 2606 746 2690 parochum,
769 2625 830 2689 qno
852 2605 1042 2672 commodius
1064 2606 1157 2686 vivat,
1183 2606 1363 2692 propulsata
1386 2627 1405 2673 a

159 2713 258 2796 seipso
280 2711 364 2778 omni
386 2710 546 2788 molestia,
575 2711 636 2777 iare
666 2712 768 2776 totum
795 2729 889 2775 curae
915 2709 1078 2795 pastoralis
1101 2730 1177 2776 enus
1199 2711 1231 2777 in
1255 2710 1402 2777 ricarium

159 2816 330 2895 declinare;
361 2815 414 2882 sed
440 2834 475 2881 ex
498 2816 597 2880 altera
619 2815 707 2898 parte
729 2818 856 2890 caveat,
889 2834 926 2879 no
950 2814 1099 2879 ricarium
1122 2815 1160 2880 ah
1182 2814 1222 2880 iis
1245 2814 1404 2881 laboribus

158 2921 315 3000 excludat,
342 2920 455 3005 quihus
482 2920 533 2985 hic
554 2918 750 3003 parochianis
771 2918 911 3001 legitime
932 2918 1165 2985 commandatur
1183 2919 1216 2985 et
1238 2918 1276 2985 ad
1298 2919 1405 2985 lutura

159 3025 189 3089 in
211 3025 383 3091 animarum
406 3042 511 3089 curam
532 3023 647 3106 optime
671 3022 862 3089 informetur.

261 3128 337 3200 160.
367 3127 399 3195 Si
424 3128 555 3194 vicarius
576 3148 609 3195 so
633 3128 795 3194 docibilem
827 3127 992 3211 praebeat,
1024 3127 1101 3192 nihil
1131 3128 1321 3193 intentatum
1351 3147 1400 3194 re-

158 3234 278 3317 linquet
298 3232 460 3317 parochus,
482 3232 556 3317 quin
580 3233 721 3317 propriae
743 3232 892 3298 scientiae
912 3234 944 3298 et
967 3232 1173 3316 experientiae
1195 3230 1316 3298 fructus
1333 3250 1403 3298 cnm

158 3357 194 3403 eo
217 3337 429 3404 communicet.
473 3336 629 3402 Vicarinm
651 3339 755 3402 summ
775 3336 936 3401 docilitate
956 3340 1124 3416 carentem,
1146 3335 1235 3419 cujus
1256 3334 1402 3401 fiduciam

157 3441 240 3507 omni
261 3460 317 3525 ope
338 3444 431 3525 atque
453 3459 544 3525 opera
565 3441 716 3524 parochus
737 3440 797 3506 sibi
820 3459 999 3525 comparare
1014 3459 1073 3506 nou
1090 3439 1203 3524 potuit,
1224 3440 1403 3507 monitioni·

159 3545 216 3611 bus
239 3564 297 3611 non
321 3545 518 3629 compellahit
540 3546 599 3610 nisi
624 3545 813 3611 necessariis.
838 3544 946 3611 Sciant
967 3546 1073 3610 tamen
1096 3544 1234 3627 parochi,
1262 3543 1340 3609 nihil
1363 3545 1401 3609 ad

157 3650 346 3715 edocendum
359 3653 390 3716 at
403 3649 630 3716 informandum
646 3649 793 3714 ricarium
809 3650 911 3734 magis
923 3648 1102 3725 conducere,
1119 3668 1213 3733 quam
1229 3648 1403 3733 exemplum

158 3758 303 3821 constans
330 3754 467 3820 sincerae
488 3753 630 3839 pietatis,
664 3754 798 3819 invictae
826 3752 1071 3820 mansuetudinis
1093 3752 1298 3839 indelessique
1321 3752 1404 3818 illins

158 3858 282 3936 laboris,
305 3858 359 3944 qui
382 3858 429 3925 vel
453 3877 472 3923 a
494 3858 624 3924 minima
646 3858 769 3942 jactura
791 3858 939 3941 temporis
961 3858 1115 3924 abhorret.

261 3960 334 4033 lol.
366 3960 399 4028 Si
428 3963 541 4028 vicario
570 3982 619 4028 res
649 3962 681 4027 in
712 3962 884 4027 ministerio
916 3980 1003 4027 sacro
1035 3962 1111 4028 bene
1137 3960 1319 4040 succedant,
1348 3980 1403 4044 pa·

158 4068 270 4133 rochus
301 4067 451 4152 gaudium
483 4066 554 4132 inde
588 4084 643 4131 suo
677 4066 767 4133 corde
800 4066 982 4149 conceptum
1015 4065 1148 4131 libenter
1178 4065 1402 4133 manifestabit.

157 4170 208 4237 Sic
229 4171 312 4236 onim
334 4190 427 4237 noros
450 4170 565 4237 vicario
584 4171 762 4236 admovebit
784 4169 937 4249 stimulos,
961 4172 993 4235 ct
1016 4173 1090 4235 tunc
1113 4168 1219 4235 fideles
1241 4188 1295 4253 pro
1318 4173 1403 4234 certo

157 4275 317 4342 habebunt
338 4276 507 4360 parochum
530 4294 601 4340 cum
623 4275 654 4343 S.
674 4274 770 4340 Paulo
784 4275 909 4353 sentire,
934 4294 1004 4341 cum
1020 4274 1154 4340 diceret:
1182 4273 1280 4355 »Quid
1298 4272 1403 4341 enimi

158 4380 240 4445 Dum
262 4380 346 4445 omni
368 4380 458 4446 modo
474 4430 480 4444 .
498 4429 530 4446 ..
555 4379 699 4445 Christus
721 4380 967 4446 annuncieturrt
990 4378 1121 4464 (Philip.
1142 4376 1167 4444 1.
1194 4378 1258 4460 18).

261 4480 337 4553 162.
369 4484 455 4551 intra
479 4484 673 4569 augustiores
695 4482 823 4562 limites,
843 4502 936 4568 quam
960 4483 992 4548 in
1016 4482 1066 4549 tit.
1093 4483 1159 4547 »Da
1182 4479 1350 4547 residentia
1372 4482 1404 4546 et

157 4586 204 4653 De
225 4589 336 4655 otficiis
357 4588 560 4655 sicariorum«
594 4589 749 4655 statatum
776 4589 844 4668 est,
873 4587 1026 4671 parochus
1062 4586 1213 4652 ricarium
1233 4604 1403 4753 2s9nss1mno
