3275 4917
725 772 818 853 llllll.

145 932 314 1013 llllocollo
336 931 556 1015 smolisslml
586 929 714 1009 bonini
745 930 857 1011 nostri
886 928 1009 1011 leonis
1037 929 1152 1009 diuina
1180 928 1395 1030 prouidentia

149 1053 270 1156 Papae
297 1053 375 1135 lllll.
406 1054 526 1133 babila
556 1053 589 1132 ln
621 1050 836 1133 llmsialorin
863 1050 919 1132 die
945 1049 995 1131 18.
1026 1050 1140 1130 llarlii
1166 1049 1260 1130 1894
1286 1051 1330 1130 ad
1357 1048 1393 1132 8.

381 1175 416 1257 ll.
443 1173 477 1257 Ε
504 1173 709 1255 cardinales
734 1174 768 1254 ln
794 1173 940 1254 aedibus
966 1173 1155 1254 llalicanls.

467 1358 663 1425 Venerabiles
683 1358 837 1425 meae!

254 1489 290 1553 ln
312 1489 435 1555 litteras
459 1488 582 1554 Nostris
602 1488 642 1553 ad
665 1486 866 1554 Venerabiles
882 1487 1008 1553 Fratres
1030 1487 1210 1571 Hungariae
1226 1486 1393 1572 Episcopos

148 1593 246 1658 semel
268 1595 361 1677 alque
381 1593 494 1659 itemm
520 1592 639 1670 missis,
670 1612 740 1657 cnm
773 1592 963 1676 prospiceret
986 1592 1106 1657 animus
1128 1590 1202 1675 quid
1224 1591 1291 1658 illic
1311 1593 1392 1657 tem·

147 1716 256 1781 porum
281 1717 387 1763 cursus
410 1697 519 1762 afferre
542 1698 694 1763 catholico
718 1696 833 1762 nomini
857 1696 1030 1774 uideretur,
1063 1715 1122 1761 non
1145 1696 1272 1762 obscure
1295 1696 1392 1780 signi·

148 1800 310 1867 deerimus
332 1802 506 1867 inturomm
527 1801 790 1868 incommodorum
812 1802 979 1867 sollicitam
997 1800 1249 1885 expectationem.
1274 1800 1392 1867 Revera

148 1925 293 1989 coepere,
326 1925 406 1991 quae
441 1907 673 1985 metuebamus,
710 1906 851 1991 opinione
886 1908 980 1971 citius
1011 1924 1179 1989 erumpere.
1214 1942 1256 1953 -
1292 1906 1393 1972 Facile

148 2010 303 2095 conjicitis
325 2030 471 2095 quorsum
489 2011 605 2076 Nostra
624 2010 781 2095 pertineat
795 2011 911 2077 oratio:
935 2010 973 2074 ad
990 2028 1027 2074 ea
1043 2009 1200 2089 nimimm,
1215 2028 1294 2093 quae
1311 2009 1393 2075 baud

148 2115 195 2179 ila
215 2115 331 2198 pridem
355 2115 473 2199 placuit
494 2114 532 2181 de
553 2115 705 2198 coniugiis
726 2114 758 2179 in
783 2114 960 2199 Hesperio
980 2114 1151 2180 decernere.
1188 2114 1300 2181 Ratnnn
1324 2114 1393 2199 lege

150 2219 401 2297 matrimonium,
433 2219 514 2304 quod
544 2218 634 2285 ciuile
664 2220 795 2285 rocam:
829 2218 979 2303 permissa
1010 2218 1210 2285 divortiorum
1241 2219 1393 2285 incultas:

149 2323 284 2401 iussum,
316 2322 441 2407 nuptias
472 2324 548 2388 inire
579 2342 662 2389 more
691 2322 845 2389 catholico
876 2321 984 2401 licere,
1013 2323 1065 2389 sed
1095 2322 1179 2389 civili
1207 2324 1271 2390 ritu
1301 2326 1393 2391 antea

150 2428 328 2510 perfunctis.

253 2532 367 2598 Omnia
386 2532 540 2616 proiecto,
573 2534 610 2597 ut
632 2532 819 2609 debuerant,
851 2532 970 2616 experti
998 2550 1035 2597 ac
1058 2532 1225 2615 periclitati
1248 2534 1391 2618 Episcopi

151 2638 223 2701 sunt
247 2638 282 2702 ut
305 2636 343 2701 ab
367 2636 522 2713 Ecclesia,
544 2655 564 2700 a
586 2635 714 2701 civitate
736 2637 859 2701 tantum
883 2635 957 2700 mali
979 2635 1198 2702 defenderent:
1221 2638 1394 2705 elaborauit

150 2740 254 2806 eodem
286 2741 440 2825 proposito
470 2758 541 2807 eum
572 2739 731 2824 Episcopis
762 2738 891 2809 Clarus:
922 2738 1062 2805 sedulam
1093 2739 1221 2809 Olenus:
1251 2741 1392 2808 sedulam

150 2844 260 2909 dedere
282 2864 406 2929 operam
429 2846 580 2928 quotquot
601 2864 638 2909 en
658 2847 789 2928 utroque
812 2844 1051 2927 legumlatorum
1073 2844 1179 2910 ordine
1202 2844 1319 2910 saluam
1341 2866 1393 2913 vo-

150 2949 219 3015 lunt
242 2952 400 3033 acceptam
424 2950 463 3013 ab
484 2949 551 3015 aris
572 2951 606 3015 at
628 2948 797 3015 maioribus
820 2947 924 3013 fidem.
970 2949 1088 3031 Quibus
1112 2950 1219 3015 tamen
1250 2950 1393 3018 omnibus

151 3053 263 3119 bostra
286 3054 461 3137 insumptus
483 3056 531 3118 est
551 3072 605 3137 pro
628 3072 722 3119 causa
738 3053 909 3119 iustissima
925 3052 1183 3137 sanctissimaque
1197 3054 1300 3119 labor:
1325 3054 1393 3140 plus

151 3159 173 3223 ii
194 3158 334 3237 vulnere,
365 3157 417 3242 qui
451 3158 564 3224 civicos
599 3156 760 3241 profanare
799 3176 917 3235 mores,
953 3176 1078 3241 remque
1113 3158 1327 3243 Hungaricam
1361 3161 1392 3224 in

150 3263 307 3329 anlractus
340 3262 524 3345 compellere
557 3280 660 3327 rerum
696 3281 844 3327 nonamm
876 3260 994 3326 iamdiu
1030 3262 1241 3329 connituntur.
1294 3264 1393 3347 Atqui

151 3366 246 3432 uereri
284 3365 463 3450 religionem
503 3368 683 3450 oportebat,
730 3367 779 3431 cui
824 3366 955 3431 maxime
999 3365 1225 3432 firmitudinem
1270 3366 1392 3451 imperii

152 3472 342 3555 gloriamque
369 3468 502 3535 nominis
524 3470 689 3555 Hungaria
717 3470 827 3536 debet:
859 3490 913 3553 pro
944 3489 1005 3553 qua
1034 3470 1127 3537 toties
1156 3471 1303 3537 aduersus
1333 3473 1392 3538 im·

152 3594 255 3642 manes
277 3575 414 3643 bostium
434 3573 571 3659 impetus
593 3575 788 3640 memorabili
811 3576 927 3641 uirtute
951 3575 1128 3641 dimicarit:
1158 3594 1250 3659 quam
1282 3576 1392 3660 ipsam,

153 3698 344 3763 persumme
365 3697 457 3763 saepo
479 3677 658 3745 discrimina
679 3679 827 3745 inviolate
850 3683 1014 3757 serratam,
1039 3679 1189 3764 hodieque
1213 3681 1311 3746 multo
1326 3700 1393 3749 ma·

153 3783 231 3849 nima
246 3802 317 3868 pars
332 3784 468 3850 studiose
485 3786 517 3850 et
532 3786 721 3864 constanter,
736 3785 773 3850 ut
788 3785 1089 3868 praestantissimum
1102 3786 1260 3866 bonorum,
1276 3788 1392 3853 tuetur.

252 3886 503 3972 Haudquaquam
525 3889 558 3952 in
581 3889 683 3953 animo
704 3891 767 3966 est,
795 3908 850 3955 nec
874 3889 1027 3972 ceteroqui
1056 3890 1275 3967 necessarium,
1304 3889 1393 3973 plura

153 3990 251 4076 eloqui
273 4010 333 4076 quo
355 3996 505 4077 appareat
527 3992 698 4059 cuiusmodi
719 4012 775 4058 eae
794 3992 879 4077 leges
902 3994 981 4071 sint,
1014 4012 1090 4077 quas
1121 3992 1210 4059 modo
1239 4012 1391 4061 memora·

153 4097 263 4177 rimus,
293 4116 429 4181 quasque
460 4096 554 4162 uariis
582 4097 773 4181 temporibus
803 4097 926 4164 easdem
960 4098 1077 4164 romani
1100 4096 1266 4163 Pontifices
1288 4099 1392 4165 deces-

153 4219 233 4267 sores
254 4201 378 4279 Nostri,
404 4204 439 4268 ut
461 4202 575 4268 ueritas
597 4202 791 4286 postulabat,
816 4202 1083 4286 praeiudicavere,
1116 4203 1297 4286 praesertim
1319 4202 1393 4286 quia

154 4306 339 4389 Nosmelipsi
360 4306 446 4372 istud
469 4307 507 4371 de
531 4307 728 4374 matrimonio
749 4308 918 4373 christiano
941 4310 1170 4392 argumentum,
1194 4326 1229 4372 ex
1245 4309 1393 4391 perpetua

155 4412 243 4494 atque
273 4409 521 4478 incommutabili
550 4412 705 4477 lioclesiae
739 4412 896 4491 doctrina,
929 4412 990 4477 alio
1022 4413 1089 4478 loco
1123 4410 1391 4495 pertractavimus.

153 4514 362 4581 Nihilominus
382 4534 447 4580 rem
470 4515 593 4582 omnino
616 4517 747 4583 tacitam
767 4516 958 4600 relinquere,
986 4517 1071 4583 salvo
1093 4516 1212 4594 cilicio,
1242 4534 1299 4579 non
1323 4533 1392 4598 pos·

154 4638 264 4687 sumus.
313 4619 461 4700 Videant,
491 4620 544 4705 qni
574 4621 708 4686 maxime
737 4620 867 4701 debent,
896 4620 976 4686 illud
996 4641 1089 4707 quam
1113 4621 1155 4686 sit
1177 4618 1392 4687 calamitosum
