3275 4917
256 241 320 308 208
434 245 620 333 chmdtier,
642 259 734 318 Recine
751 261 806 318 der
824 260 1045 319 semuncem
1062 262 1119 319 der
1138 260 1326 334 repetenda

364 434 423 500 »Ei
441 433 514 517 qniu
536 431 679 514 diximus,
702 431 733 498 in
758 433 903 500 conclaui
923 433 1074 519 quosdam
1097 433 1232 519 impetus
1247 434 1409 520 fugiendos
1423 454 1507 518 esse,

257 538 353 606 veluti
376 538 539 616 militares,
561 535 687 603 initium
711 555 792 604 nnuc
807 541 840 605 st
854 538 1005 623 originem
1022 557 1127 605 eorum
1143 558 1302 623 exponam,
1324 559 1404 625 quae
1419 542 1507 608 certe

256 664 315 711 nou
339 646 387 710 est
408 643 470 709 alia
494 641 544 730 (i),
567 661 659 726 qnam
680 641 761 725 qnod
783 642 954 709 recedimus
974 644 1014 708 ub
1032 642 1188 710 institutis
1209 645 1242 710 et
1266 644 1397 729 legibus,
1419 664 1503 730 qnus

258 747 387 815 maiores
418 745 637 814 iuviolabiliter
667 749 699 812 et
728 750 835 813 sancte
862 747 1089 814 custodiebant.
1135 748 1311 814 Nemeum
1333 749 1504 842 multorum

255 851 487 919 commentariis
508 854 540 916 et
563 849 676 917 litteris
700 851 775 916 haec
801 851 962 918 Pontificio
984 871 1032 917 res
1053 854 1191 919 tractatu
1212 852 1270 932 sii,
1304 852 1336 918 in
1365 872 1401 920 eo
1426 873 1504 922 cou-

256 957 395 1022 sentiunt
414 973 538 1034 omues,
561 955 653 1020 sicuti
674 955 777 1021 sciunt
798 956 964 1022 memoriae
985 957 1100 1022 ueteris
1122 956 1233 1040 periti,
1262 960 1299 1022 ut
1321 960 1394 1023 nota
1416 976 1506 1025 scru-

255 1061 326 1128 tinii
349 1059 536 1128 consuetudo
559 1061 698 1126 servetur
721 1059 753 1124 iu
776 1059 919 1144 eligendo
942 1060 1109 1139 Pontifice,
1134 1080 1207 1139 nec,
1233 1061 1294 1127 nisi
1315 1063 1402 1128 certa
1421 1065 1505 1129 mm·

256 1184 329 1250 pora
359 1165 496 1248 certique
523 1183 612 1230 casus
641 1166 771 1249 cogant,
806 1164 1013 1230 omittendum
1047 1184 1115 1232 esse
1147 1165 1332 1232 scrutinium
1364 1169 1504 1234 censent.

255 1269 388 1338 Omnino
411 1269 521 1336 melius
543 1268 692 1334 ecciesiae
717 1269 942 1348 consuleretur,
974 1269 1002 1335 si
1031 1271 1169 1336 veterum
1193 1270 1339 1336 instituta
1362 1289 1505 1338 seruare-

256 1394 335 1452 nnus,
357 1393 435 1459 qnae
459 1373 642 1458 consignata
663 1373 777 1438 litteris
800 1376 917 1440 extant.
960 1373 1099 1453 Scimus,
1126 1393 1194 1452 eos,
1224 1375 1277 1458 qui
1297 1375 1396 1442 nostri
1417 1377 1500 1440 tem·

255 1479 337 1564 poris
360 1478 611 1545 cousuetudinem
636 1477 776 1562 probunt,
802 1478 847 1543 ita
861 1478 961 1546 dicere
976 1478 1084 1556 solere,
1108 1477 1176 1562 pins
1191 1497 1257 1545 esse
1271 1478 1304 1544 in
1319 1479 1502 1546 adoratione

255 1583 379 1650 adrem
400 1584 521 1648 meiere
546 1579 766 1667 peragendam,
797 1581 887 1647 cuius
921 1582 1031 1648 dilatio
1054 1583 1099 1648 rei
1129 1583 1271 1666 publicae
1301 1585 1404 1666 posset
1432 1603 1502 1649 esse

256 1689 414 1755 damnosa.
455 1686 514 1752 Sed
539 1687 570 1751 in
594 1687 651 1753 hoc
672 1686 766 1752 stium
791 1685 939 1753 adorandi
963 1705 1046 1752 nnore
1067 1687 1278 1754 discusserat
1300 1689 1502 1772 antiquorum

255 1791 453 1871 consuetudo,
476 1810 530 1858 nec
554 1791 598 1856 illi
621 1791 812 1857 tumultuose
836 1810 871 1856 uc
890 1791 1081 1874 perturbate,
1105 1810 1162 1858 nec
1183 1811 1305 1874 semper
1327 1811 1362 1857 er
1385 1793 1504 1876 impro-

256 1899 320 1965 viso
343 1897 382 1963 ad
405 1915 443 1963 eu
463 1895 574 1979 pedum
598 1895 703 1960 oscula
726 1913 791 1961 sese
816 1895 1035 1980 proripiebant.
1080 1898 1126 1962 Ac
1150 1914 1269 1979 possem
1290 1914 1367 1981 ego,
1390 1897 1416 1961 si
1438 1896 1502 1963 istu

255 2001 512 2080 desiderarentur,
538 1999 677 2066 historiis
696 2000 735 2064 ab
751 2000 833 2065 omni
850 2000 1037 2084 antiquitate
1053 2001 1193 2084 repetitis
1209 1999 1329 2079 docere,
1352 2000 1502 2086 quemad·

256 2107 381 2172 modum
403 2104 571 2189 expeditior
593 2104 625 2169 in
648 2105 806 2188 suffragiis
827 2107 859 2170 et
879 2104 1042 2183 scrutinio,
1064 2123 1159 2189 qnam
1174 2107 1205 2169 in
1221 2105 1401 2171 adoratione
1416 2124 1500 2170 seru-

256 2229 309 2293 per
332 2209 428 2275 luerit
449 2207 574 2275 creandi
597 2207 757 2274 Pontificio
776 2209 837 2274 nia.

359 2313 451 2379 Nunc
473 2311 637 2379 videndum
666 2313 729 2391 est,
766 2312 938 2378 cuiusmodi
971 2313 1013 2378 sit
1047 2312 1141 2392 illud,
1174 2313 1255 2397 quod
1289 2313 1500 2379 florentissimi

255 2416 435 2484 cardinales
472 2415 657 2482 anctoritate
691 2416 823 2482 nominis
863 2419 895 2482 si
931 2417 1116 2483 asseclarum
1155 2436 1283 2484 numero
1314 2435 1502 2502 magnopere

256 2541 315 2588 nou
352 2524 520 2606 sequantur
553 2521 632 2586 hanc
666 2521 807 2586 scrutinii
845 2522 927 2587 nium
965 2539 1094 2606 eamque
1128 2522 1282 2606 pertinere
1316 2523 1426 2606 putent
1459 2521 1501 2586 ad

256 2625 455 2692 minuendum
484 2625 664 2709 imperium,
696 2625 776 2709 qnod
809 2625 949 2692 obtinere
982 2645 1049 2692 sese
1080 2627 1112 2690 iu
1150 2628 1268 2693 ceteros
1297 2626 1501 2692 arbitrantur.

255 2730 373 2797 Horum
405 2747 462 2814 ego
493 2730 609 2796 facturn
639 2733 671 2796 ei
698 2729 781 2796 elata
815 2731 945 2797 consilia
974 2730 1174 2814 comprimere
1204 2749 1292 2815 posse
1314 2729 1419 2796 uideor
1439 2748 1501 2795 nno

253 2835 362 2916 verbo,
400 2834 427 2900 si
461 2833 578 2911 dicum,
614 2853 679 2900 esse
713 2834 913 2920 cogitandum
958 2835 1020 2919 ipis
1063 2833 1101 2900 de
1145 2835 1306 2902 celerrimo
1342 2834 1501 2918 potentiae

254 2939 346 3006 huius
377 2938 453 3017 line,
488 2957 567 3022 quae
596 2939 688 3005 sicuti
719 2957 798 3005 vane
827 2941 875 3004 est
906 2942 938 3004 et
974 2938 1094 3017 inanis,
1131 2939 1178 3004 ita
1212 2938 1297 3006 brevi
1330 2938 1499 3004 dilabetur.

254 3045 336 3110 Nam
357 3044 382 3110 si
402 3045 522 3109 attente
544 3061 601 3127 ego
624 3047 747 3110 nostrae
767 3063 858 3110 casus
880 3043 994 3110 aetatis
1015 3043 1149 3127 inspexi,
1185 3044 1318 3110 marimo
1345 3042 1499 3128 pontificii

253 3146 414 3232 sauguinis
438 3145 594 3213 Oerdiuuli
616 3147 782 3224 successit,
820 3150 856 3213 ui
886 3147 994 3232 primis
1026 3150 1097 3231 post
1131 3148 1233 3232 patrui
1268 3148 1315 3214 vel
1349 3146 1497 3213 avunculi

255 3253 383 3318 mortem
407 3249 542 3316 comitiis
564 3269 600 3316 or
623 3251 720 3316 enimi
742 3251 790 3316 sui
810 3252 965 3317 sententia
988 3251 1163 3336 pontificem
1189 3252 1324 3332 creauit,
1355 3251 1499 3318 secundis

253 3355 324 3421 inde
346 3354 480 3421 comitiis
504 3375 561 3422 uon
587 3355 689 3438 potuit
711 3355 792 3420 idem
815 3354 987 3434 excludere,
1013 3356 1154 3440 siquem
1179 3356 1311 3435 nolebat,
1335 3374 1372 3422 ac
1393 3355 1499 3422 tertiis

253 3459 383 3545 denique
404 3478 470 3526 sose
489 3478 583 3544 prope
603 3459 764 3524 reductum
792 3460 822 3524 in
845 3459 983 3525 ordinem
1006 3460 1094 3527 vidit.
1126 3461 1175 3526 lta
1198 3460 1245 3525 illi
1267 3460 1448 3526 minuuntur
1465 3460 1498 3525 iu

254 3565 345 3631 horas
365 3567 457 3650 atque
480 3564 643 3630 debiliores
667 3563 754 3630 fiunt.
786 3563 917 3647 Quodsi
939 3565 1040 3630 caecis
1062 3565 1243 3649 arcanisque
1269 3565 1427 3650 suffragiis
1451 3583 1500 3630 res

253 3671 408 3755 ageretur,
435 3668 616 3752 proficerent
646 3668 744 3734 mulio
773 3670 875 3754 magis
897 3668 1070 3735 inueterata
1091 3669 1154 3735 iarn
1180 3668 1367 3736 auctoritate
1394 3670 1426 3734 et
1449 3669 1499 3735 ia·

253 3792 323 3840 nors
346 3772 513 3838 multorum
537 3771 675 3850 occulto,
710 3772 905 3858 ipsorumque
937 3774 1075 3857 potentia
1104 3774 1134 3840 iu
1165 3775 1276 3841 senatu
1306 3773 1499 3840 constantior

254 3877 345 3957 foret,
373 3894 471 3961 neque
492 3879 560 3960 post
582 3876 630 3942 sui
654 3877 807 3961 pontificis
831 3877 950 3944 obitum
976 3882 1172 3944 uersarentur
1194 3879 1226 3943 iu
1247 3897 1284 3944 eo
1307 3878 1497 3956 discrimine,
1625 3968 1626 3975 ἵ

253 3982 332 4067 quod
357 3980 459 4047 adiere
482 3981 631 4060 nonnulli,
654 3982 825 4066 principem
848 3986 884 4049 ut
903 3983 1054 4050 haberent
1076 4003 1156 4064 eum,
1181 3983 1218 4049 de
1239 3981 1326 4048 cuius
1341 3984 1444 4050 auimo
1462 4001 1499 4048 ac

255 4086 466 4154 benevolentia
487 4085 630 4152 dubitare
652 4090 793 4170 possent,
824 4088 997 4173 effugerent
1019 4087 1106 4153 iilam
1130 4107 1250 4172 quoque
1270 4087 1499 4166 necessitatem,

252 4210 315 4276 qua
337 4191 506 4257 multorum
536 4191 669 4256 subsunt
693 4190 890 4270 inimicitius,
921 4190 995 4256 dnm
1025 4195 1134 4276 aperta
1164 4191 1264 4258 lronte
1298 4192 1414 4258 multos
1444 4210 1497 4258 er·

254 4295 393 4374 eludunt,
417 4295 508 4361 sicuti
532 4294 597 4360 lieri
621 4294 760 4360 videmus
783 4296 821 4360 ob
846 4295 939 4375 male,
962 4315 1041 4381 quae
1062 4296 1293 4381 pertimescunt.

357 4399 459 4465 liliam
475 4399 519 4466 ita
532 4402 633 4465 status
646 4402 703 4478 est,
714 4401 889 4482 principes,
905 4421 1037 4483 quonam
1047 4402 1222 4469 voluntates
1234 4403 1270 4468 in
1282 4401 1364 4468 tnnc
1373 4406 1499 4483 portem

252 4505 406 4572 inclinari
423 4525 486 4571 nou
509 4504 656 4582 videmus,
684 4503 800 4570 nullam
825 4505 981 4588 potentiae
999 4525 1073 4571 snae
1094 4506 1247 4572 iacturam
1268 4524 1335 4572 esse
1350 4503 1497 4570 facturos.

253 4609 334 4675 Nam
354 4609 380 4674 si
403 4613 546 4675 naturam
566 4613 661 4692 atque
675 4608 885 4674 condicionem
901 4627 1002 4675 rernrn
1020 4611 1140 4675 utmnte
1156 4609 1287 4676 velimus
1303 4609 1428 4687 intueri,
1450 4609 1499 4675 sic
1623 4686 1624 4711 χ
