3275 4917
252 248 296 314 62
359 266 479 340 eruum
498 268 644 339 eurum
662 282 719 322 sur
740 266 935 338 worecqunq
953 268 1009 324 uer
1030 265 1393 324 nemorumnemorum.

357 439 392 506 0.
414 446 445 507 2.
470 439 511 508 D.
531 447 561 507 1.
584 439 624 505 ad
648 458 675 505 r.
698 438 763 506 Jue
783 445 888 507 amera
903 446 950 506 eet
963 439 1092 521 dictum,
1112 441 1190 524 qaeu
1203 440 1322 507 inertum
1336 446 1391 507 eet.
1411 440 1452 505 Η.
1468 458 1496 505 e.

253 546 474 630 qualiscunque
497 543 684 622 notificatio,
714 544 788 628 quia
817 546 851 611 et
879 544 929 609 ine
958 544 1073 609 dicitnr
1103 544 1183 627 quod
1216 545 1333 611 iustum
1356 564 1415 611 non
1438 548 1496 610 out

253 651 340 717 Unde
362 650 393 715 in
415 650 538 735 legibus
552 648 607 734 18ἱ)
629 649 678 713 ius
700 647 816 715 dicitnr
838 648 920 733 quod
944 651 1048 732 pretor
1071 648 1227 728 decernit,
1259 649 1334 715 lieet
1355 649 1495 731 iniquum

253 755 304 835 sit,
328 754 477 821 relatione
501 772 560 819 non
582 753 667 817 laeta
689 752 727 818 ad
750 753 793 834 id,
815 752 897 837 quod
921 753 966 833 fit,
986 753 1040 819 sod
1061 754 1100 819 ad
1123 753 1165 832 id,
1190 755 1269 838 quod
1293 754 1360 819 lieri
1374 754 1495 819 debuit:

253 880 310 927 non
335 860 416 925 enim
439 859 565 924 deberet
586 858 768 937 decernere,
792 857 852 923 nisi
874 858 955 941 qnod
978 860 1097 924 iustum
1116 862 1213 938 aaaot,
1237 864 1269 924 et
1291 859 1376 937 ideo,
1400 860 1495 924 etiarn

252 967 276 1029 si
300 966 439 1049 iniquum
463 964 505 1029 ait
527 963 606 1047 quod
630 964 761 1042 utelnat,
784 965 888 1029 tumen
910 962 959 1028 iua
982 963 1144 1029 decernere
1166 964 1291 1032 dicitur.

358 1076 391 1144 0.
406 1082 437 1142 4.
453 1074 496 1142 D.
511 1082 541 1142 1.
560 1095 586 1140 v.
600 1076 677 1141 Mos
699 1081 800 1141 autem
823 1082 870 1142 cst
894 1077 951 1140 etc.
982 1076 1024 1140 [ir
1045 1080 1134 1160 parte
1154 1077 1286 1142 subiecti
1261 1081 1425 1142 imorem
1442 1096 1498 1160 ep·

251 1182 350 1267 pellat
372 1179 624 1248 consuetudinem
647 1180 780 1262 plurium
804 1198 1002 1264 personarum
1022 1181 1069 1245 rel
1085 1182 1186 1246 tucius
1200 1181 1338 1247 ciritatia
1354 1182 1496 1261 alicuius,

251 1306 286 1351 er
308 1288 396 1371 perte
418 1285 568 1370 predicati
593 1303 691 1349 mores
714 1285 855 1350 nominat
877 1252 1120 1351 consuetudines
1137 1286 1334 1371 singularum
1350 1305 1494 1370 persona·

251 1412 330 1458 rum.
379 1391 464 1457 Vel'
456 1412 487 1455 ru
510 1390 650 1456 subiecto
671 1408 786 1455 rnorem
809 1390 905 1467 dicit,
936 1389 989 1474 qni
1019 1390 1099 1474 apud
1128 1390 1209 1455 mult
1195 1397 1244 1456 tas
1272 1392 1394 1475 optinet
1415 1392 1492 1456 ciri-

253 1498 352 1571 tatee;
376 1496 407 1560 tn
431 1495 590 1579 predicato
611 1514 699 1571 eum,
723 1495 776 1578 qui
799 1494 832 1559 in
855 1513 917 1559 nna
940 1497 1062 1560 tantum
1087 1495 1135 1561 rel
1158 1496 1190 1561 in
1213 1496 1363 1579 pluribus,
1386 1495 1440 1561 sed
1463 1498 1494 1561 in

252 1604 357 1685 paucis
379 1601 507 1684 optinet.
546 1600 586 1665 nt
606 1601 680 1664 nuta
701 1598 781 1683 quod
805 1598 897 1664 aliter
920 1599 1043 1681 ponitur·
1068 1600 1119 1665 hic
1142 1602 1197 1665 hec
1220 1599 1324 1679 dictio,
1348 1601 1441 1667 aliter
1462 1601 1494 1665 in

251 1706 439 1790 naconem),
465 1704 651 1770 ubidicitur
675 1722 777 1771 errare
799 1703 831 1767 in
853 1704 903 1768 via
926 1723 1055 1781 morum,
1081 1704 1110 1769 id
1134 1708 1184 1770 est
1206 1705 1390 1773 animorum.

354 1818 408 1885 Aa
426 1838 451 1884 o.
475 1823 506 1883 7.
528 1817 571 1884 D.
595 1824 625 1884 1.
651 1837 678 1882 r.
702 1817 890 1883 [eteorum
911 1818 1063 1884 mercato
1096 1817 1128 1882 id
1159 1820 1207 1883 est
1236 1819 1317 1902 quod
1350 1818 1407 1884 dlii
1436 1838 1492 1903 pa-

251 1925 388 1990 rantibus
413 1922 580 1989 succedant
607 1924 639 1987 in
670 1921 851 1988 hereditate.
899 1922 986 1987 lstud
1020 1921 1141 1988 ridetur
1172 1942 1238 1989 eaeo
1266 1924 1395 1989 effeetus
1418 1924 1495 1989 iuria

249 2028 366 2105 cirilis;
397 2027 465 2093 ideo
492 2028 570 2093 torte
598 2026 762 2092 dicendum
786 2029 851 2106 ael,
883 2027 964 2111 quod
998 2026 1110 2092 debeat
1132 2027 1183 2092 hio
1205 2046 1291 2094 esee:
1326 2028 1494 2095 liberorum

250 2133 429 2216 procreatio.
475 2132 514 2196 nu
542 2130 588 2196 ita
616 2133 649 2195 in
678 2130 863 2215 quibusdem
891 2131 978 2196 libris
1006 2132 1158 2215 reperitur
1172 2135 1235 2215 ¹⁶⁴).
1284 2133 1339 2198 Vel
1363 2134 1424 2199 uic:
1452 2134 1493 2199 li-

249 2238 393 2303 berorum
403 2236 554 2301 sumasne
567 2253 625 2300 non
637 2234 669 2299 in
681 2233 853 2299 hereditate
861 2237 926 2319 ¹⁶⁵),
943 2234 997 2299 aed
1010 2235 1041 2299 in
1055 2237 1120 2300 rita
1134 2236 1180 2301 rel
1196 2240 1294 2314 etote3
1311 2237 1496 2303 naturaliter

249 2341 331 2407 enim
352 2339 468 2405 diutius
483 2338 591 2404 vivunt
609 2338 665 2403 lilii
682 2343 713 2403 et
731 2339 961 2423 premoriuntur
976 2341 1128 2423 parentes,
1147 2340 1224 2407 licet
1237 2342 1310 2407 ordo
1326 2342 1493 2425 aliquando

249 2566 315 2605 neue
335 2550 510 2605 Reunusreze
530 2549 571 2604 ala
584 2548 724 2604 Postulate
737 2549 809 2603 eines
822 2547 969 2618 allgemein
980 2550 1100 2620 giltigen
1113 2550 1301 2614 Natnrreehta,
1321 2550 1378 2605 »ale
1391 2550 1489 2621 Folge·

248 2654 352 2708 rungen
371 2637 418 2692 dar
437 2638 543 2692 wahren
561 2637 671 2692 inneren
690 2635 895 2706 Geroohtigheit
914 2636 1091 2706 anigeatellt‹
1110 2638 1187 2702 habe,
1205 2637 1267 2693 daea
1283 2637 1322 2692 eie
1334 2637 1417 2694 Ideen
1433 2654 1493 2693 rer·

173 2718 176 2721 ’
247 2727 337 2780 treten
355 2724 434 2786 habe,
452 2724 538 2780 denen
557 2723 605 2778 wir
623 2724 651 2778 in
671 2724 719 2779 der
737 2722 1023 2779 Naturreehtadoetrin
1035 2725 1084 2779 der
1097 2724 1209 2779 Nouzeit
1223 2724 1493 2781 oratlahrhrrndorto

248 2815 337 2883 spiiter
355 2812 495 2883 bagagnen
521 2811 588 2883 (rgl.
614 2811 720 2880 Fitting
743 2810 771 2865 in
790 2810 837 2867 der
855 2810 984 2866 Zeituohr.
1006 2811 1320 2883 dSarigny·Stiftnng,
1342 2812 1492 2867 Romaniat

249 2900 362 2969 Abthlg.
382 2899 421 2955 VI
440 2900 498 2964 134,
515 2899 569 2955 und
588 2899 616 2953 in
635 2899 704 2954 desa
721 2897 866 2967 helinger
885 2898 933 2953 der
946 2899 1139 2954 Bechtauchole
1155 2916 1206 2953 ron
1218 2899 1341 2968 Bologna
1357 2899 1383 2954 S.
1397 2900 1447 2953 122
1460 2898 1492 2962 l.;

247 3004 335 3058 gegen
364 2986 494 3057 l'itting's
523 2985 686 3055 huffaeaung
710 2984 826 3049 Gonrnt,
857 2984 953 3041 Geach.
972 2985 998 3040 d.
1016 2986 1104 3053 Quali.
1123 2986 1176 3040 und
1195 2985 1261 3040 nint.
1283 2985 1309 3040 d.
1329 2988 1405 3040 Rom.
1425 2986 1494 3041 R.I

247 3074 314 3139 548,
332 3074 409 3143 558),
430 3089 459 3127 ro
479 3074 534 3128 will
553 3073 597 3127 leh
617 3073 675 3126 hier
691 3072 882 3128 anadrltolrlieh
902 3072 1056 3137 bononien,
1076 3073 1138 3127 daea
1160 3089 1257 3127 nnaere
1276 3072 1386 3128 Summe
1405 3089 1439 3128 m.
1462 3072 1491 3126 Ε.

247 3161 325 3215 keine
345 3160 431 3214 Stelle
448 3159 571 3223 enthr'alt,
590 3158 689 3214 welche
707 3159 747 3213 ala
766 3158 880 3230 Beitrag
897 3175 945 3215 aur
960 3158 1164 3229 ilntecheidnng
1179 3159 1268 3215 dieser
1287 3158 1376 3228 Fruge
1395 3161 1423 3215 in
1442 3159 1493 3214 Be·

248 3247 339 3302 traoht
358 3246 480 3301 hommem
499 3244 609 3301 kinnte.

352 3333 412 3403 162)
431 3330 471 3389 Ol.
489 3333 508 3387 l.
528 3333 568 3387 11.
588 3332 650 3403 Dlg.
670 3332 703 3387 do
721 3332 784 3386 inat.
803 3335 832 3387 et
847 3332 905 3387 inre
924 3331 958 3399 (1,
980 3333 1006 3401 l)

352 3420 402 3477 163
421 3420 455 3475 Ea
473 3420 511 3475 iet
531 3420 589 3474 hier
604 3418 666 3488 jone
686 3418 845 3489 Samrnlnng
864 3435 916 3474 ron
934 3418 1159 3488 Sittenaprdchen
1177 3420 1314 3490 gemeint,
1341 3419 1385 3475 dio
1410 3422 1492 3475 nnter

247 3508 308 3563 dem
326 3508 429 3565 Numen
447 3508 537 3564 Cato'a
556 3507 704 3563 rerbreitet
726 3506 822 3561 nunde.
861 3506 954 3561 Dieaer
981 3506 1067 3561 Name
1094 3508 1176 3562 sollte
1204 3506 1394 3577 nraprllnglich
1421 3507 1492 3561 rrolrl

247 3596 323 3651 nicht
342 3596 384 3651 die
404 3594 581 3651 Autorsohait
599 3592 689 3651 (tato'a
707 3594 869 3664 hehaupten,
888 3594 1003 3649 eundern
1023 3612 1075 3649 nnr
1093 3594 1137 3649 die
1156 3594 1287 3649 Weieheit
1305 3594 1353 3649 dor
1371 3593 1493 3664 Sprdche

248 3683 461 3747 kennueichnen;
492 3681 772 3736 misereretlindliclrer
802 3682 888 3737 Weise
918 3682 1007 3737 werde
1029 3681 1125 3750 jodoch
1155 3686 1247 3751 opiter
1274 3682 1343 3737 Catu
1369 3678 1414 3735 ihr
1441 3680 1494 3736 den

249 3768 387 3825 Verfeaaer
405 3769 522 3837 arkldtt;
549 3768 634 3839 rergl.
656 3768 725 3823 anch
745 3772 830 3823 nnten
854 3768 897 3824 die
921 3768 1007 3824 Stella
1025 3784 1133 3824 urraerea
1157 3767 1343 3824 Commentnra
1365 3768 1437 3822 Diat.
1461 3768 1494 3821 16

248 3856 329 3926 ptine
370 3855 462 3910 Dicaea
491 3855 564 3911 Bueh
592 3872 646 3910 erar
674 3856 711 3909 irn
735 3855 913 3921 Mittalaltor,
938 3856 1104 3911 namentlich
1132 3856 1185 3910 reit
1211 3854 1271 3909 dem
1292 3854 1389 3910 eiliten
1409 3855 1492 3911 Jahr-

247 3944 372 4009 lrundert,
391 3943 512 3999 ziemlich
533 3942 678 4013 allgemein
697 3942 740 3999 die
756 3948 827 3999 erate
844 3944 959 3999 Lectdre
980 3944 1029 3999 dar
1046 3943 1168 4005 Knaben,
1186 3942 1284 3997 welche
1297 3941 1340 3997 die
1353 3942 1491 4013 Aniangs·

247 4030 350 4101 grinde
368 4030 416 4086 der
435 4029 604 4085 Grarnmatilr
623 4031 766 4087 erlernten.
804 4030 859 4085 Dea
886 4028 962 4086 Cilat
988 4031 1026 4084 im
1049 4030 1132 4084 Tarte
1158 4029 1207 4084 hat
1233 4029 1285 4084 den
1310 4029 1420 4098 holong
1446 4029 1495 4083 des

247 4118 396 4173 Vorrrortea
414 4134 446 4172 nu
464 4116 511 4172 dar
523 4116 782 4188 Spruehaamrnlung
802 4118 830 4172 in
847 4118 931 4173 Proaa
949 4118 1115 4186 veringen,
1135 4116 1234 4170 welche
1253 4116 1303 4171 mit
1323 4115 1374 4171 den
1393 4115 1494 4170 Moral-

245 4220 339 4260 rereen
358 4204 482 4260 ›Cetos‹
507 4203 663 4260 verbunden
690 4205 778 4259 wurdo
803 4202 898 4273 ocum
917 4203 1160 4259 animadverterem
1179 4218 1260 4271 quarn
1280 4204 1410 4271 plurimun
1428 4220 1492 4271 gra·

247 4292 318 4347 riter
334 4292 361 4347 in
380 4292 423 4348 ria
441 4308 545 4347 morum
564 4309 677 4348 errare.
699 4335 704 4347 .
725 4335 730 4346 .
749 4290 777 4360 .).

349 4380 408 4447 164)
431 4380 480 4435 Die
499 4380 559 4435 hier
576 4380 713 4434 orneilrnte
732 4378 829 4432 Lesart
848 4379 884 4431 lut
904 4376 990 4431 neder
1008 4376 1059 4431 dan
1078 4376 1152 4432 Gerr.
1165 4378 1241 4431 Rom.
1259 4376 1327 4431 noch
1341 4375 1492 4445 Friedberg

243 4466 379 4529 belrunnt;
398 4466 482 4536 rergl.
501 4465 546 4519 die
563 4464 656 4519 Notat.
675 4462 747 4519 Corn.
764 4463 819 4518 und
839 4462 892 4517 Nte
911 4463 945 4517 22
967 4462 1036 4517 nuit.
1058 4462 1163 4518 l’riedb.
1181 4463 1239 4518 Col.
1258 4465 1282 4518 2.

349 4552 409 4621 165)
429 4552 492 4607 Cod.
511 4552 584 4621 Meg.
601 4550 664 4620 fugi
681 4550 740 4606 bei:
765 4549 837 4620 quod
859 4549 933 4604 uirili
958 4550 1016 4605 iure
1035 4553 1077 4605 eat
1098 4550 1252 4605 introducto
1275 4548 1413 4618 (Oh'enbar
1430 4550 1491 4604 eine

243 4641 271 4697 in
291 4641 342 4695 den
362 4639 428 4694 'sert
446 4638 669 4707 anigenonuuene
688 4636 870 4707 Randgloea03
890 4637 973 4709 rergl.
992 4637 1059 4692 obon
1078 4638 1105 4692 S.
1124 4638 1166 4702 34,
1187 4636 1240 4691 nne
1259 4637 1311 4702 27).
