3275 4917
225 256 422 315 commensus·
435 274 475 314 su
491 258 523 312 Ρ.
536 258 559 313 l.
571 259 623 313 des
641 256 727 312 Dscs.
741 259 799 312 mit
810 258 867 312 dss-
883 255 971 311 Vorr.
985 255 1180 327 datlputtcte
1195 258 1224 311 st
1234 260 1326 323 temp.
1388 235 1431 302 89

186 434 278 498 aiunt
304 432 355 497 bic
377 429 669 515 archipresbiterum
695 428 847 513 appellari
875 448 965 504 eum,
1000 428 1053 511 qui
1081 426 1173 493 bodie
1198 427 1334 493 demnas
1354 426 1433 493 dici·

186 539 317 617 tur²²³).
365 534 422 600 Vel
444 535 523 619 quod
543 534 676 619 quedam
696 534 825 599 ecclesie
848 534 926 608 sint,
957 551 1017 615 que
1047 532 1181 596 habeant
1209 531 1267 596 sub
1296 550 1329 596 se
1353 531 1430 596 duas

186 641 319 707 veltres
341 638 506 704 ecclesiast
529 642 562 704 et
583 637 634 722 qui
658 637 721 703 illis
743 637 917 704 siccioribus
939 637 1074 720 presunt,
1096 634 1241 703 dicentur
1257 635 1430 719 archipres-

187 744 290 810 biteri.
337 742 393 807 Vel
416 742 481 818 illi,
516 742 570 826 qui
592 742 719 826 presunt
741 741 911 826 plebeianis
933 739 1162 806 sacerdotibus:
1192 739 1245 822 qui
1276 739 1367 804 bodie
1396 739 1429 803 in

186 848 370 934 quibusdam
394 846 532 913 ecclesiis
555 850 629 911 sunt
650 847 707 910 sub
731 845 955 913 archidiacono.
983 845 1037 911 Vel
1058 845 1141 927 quod
1160 844 1211 910 det
1231 844 1313 909 bono
1334 844 1430 911 licen·

186 956 264 1019 ticm
285 952 509 1019 archidiacono
531 951 574 1017 cd
592 950 833 1017 similitudinem
856 950 998 1016 Rosnone
1020 948 1150 1025 melesio,
1174 948 1211 1013 in
1231 968 1294 1029 quc
1314 948 1431 1014 solebat

185 1078 251 1123 csse
273 1056 533 1131 archidiaconus,
557 1057 613 1138 qui
635 1056 738 1120 soncior
761 1058 829 1119 erat
844 1040 977 1119 ⁴costes-is:
1007 1060 1036 1119 et
1056 1053 1164 1119 omnio
1184 1053 1366 1133 muctcbont
1386 1052 1430 1117 cd

184 1162 253 1226 eius
275 1160 514 1234 ordinatiorem
538 1159 663 1223 mnino
679 1179 769 1240 popu
791 1163 922 1223 amunte
943 1157 1090 1223 orationi.
1120 1154 1172 1222 Sic
1195 1156 1260 1220 alii.
1294 1153 1354 1220 Sed
1373 1176 1426 1237 pa·

187 1264 266 1329 tebit
289 1264 413 1342 veritas,
438 1263 463 1327 si
485 1264 651 1328 reducatur
673 1263 704 1327 in
729 1262 908 1327 memoriam
932 1262 989 1325 illa
1011 1260 1133 1326 trifaria
1148 1260 1258 1326 divisio
1274 1260 1429 1345 prelature

187 1368 282 1453 (iclgt
304 1368 354 1432 die
380 1368 503 1451 Lbsung
521 1366 656 1438 Ruiiu'si
682 1415 688 1431 .
713 1416 753 1433 ..

292 1470 325 1537 O.
350 1472 401 1537 26.
427 1471 463 1535 Ι).
489 1472 541 1537 23.
1383 1548 1386 1551 ἢ

289 1576 358 1641 Non
382 1577 503 1658 oportet
526 1578 583 1639 etc.
608 1575 696 1639 istud
721 1574 842 1639 ridetur
865 1574 1053 1640 contrarium
1077 1578 1187 1659 quarto
1210 1576 1280 1658 post
1302 1574 1360 1640 hos
1376 1594 1427 1638 ca·

186 1680 305 1764 pitulo;
330 1680 372 1745 ibi
396 1680 477 1745 enirn
504 1678 665 1743 manifeste
685 1679 842 1757 innuitur,
864 1680 943 1762 qued
967 1677 1146 1743 subdiaconi
1170 1679 1286 1743 intrare
1310 1678 1428 1759 possint

184 1786 365 1851 sacrarium.
413 1784 460 1847 Ad
488 1784 542 1848 boc
565 1783 625 1847 diei
650 1785 761 1867 potest,
785 1783 865 1866 quod
887 1784 1040 1865 posterius
1064 1782 1182 1847 dictum
1202 1783 1330 1865 deropnt
1345 1782 1426 1864 prio·

186 1890 337 1973 ribus²⁷⁴)
360 1890 508 1970 tauquam
533 1887 758 1971 antiquioribus
779 1890 810 1951 et
833 1887 1012 1971 antiquatis.
1051 1886 1107 1951 Vel
1126 1888 1229 1971 potest
1251 1885 1323 1963 dici,
1346 1885 1427 1969 quod

183 1992 352 2057 sacrarium
377 1991 512 2075 appellet
536 1996 652 2074 partem
677 1990 764 2055 illam
787 1990 914 2070 altaris,
950 1992 981 2055 in
1007 2010 1069 2073 qua
1099 1990 1225 2055 Domini
1248 2009 1357 2073 corpus
1380 1990 1428 2055 est

183 2100 417 2163 consecratum:
452 2115 543 2180 quam
574 2098 692 2179 partem
723 2114 780 2161 non
811 2096 904 2161 debet
932 2095 1108 2179 contingere
1131 2094 1337 2176 subdiaconus
1359 2093 1425 2159 sine

184 2200 343 2280 mandato,
366 2200 439 2264 dnm
463 2200 494 2263 in
517 2218 553 2263 aa
576 2206 623 2264 est
645 2219 754 2285 corpus
779 2200 912 2266 Domini.
952 2199 1010 2266 Sed
1034 2199 1162 2265 interius
1184 2199 1284 2283 magis
1306 2198 1426 2282 spacio·

184 2325 254 2369 sum
278 2306 377 2371 locum
402 2303 569 2388 appellabit
593 2305 780 2370 sacrarium:
811 2325 902 2389 quem
934 2306 1050 2370 intrare
1081 2306 1183 2388 potest
1211 2303 1424 2369 subdiaconus.

187 2408 242 2473 Vel
266 2409 316 2473 hic
337 2408 471 2492 appellat
494 2409 662 2473 sacrarium
687 2408 788 2474 locum
813 2410 860 2473 vel
885 2410 1023 2487 archam,
1046 2409 1077 2474 iu
1093 2428 1154 2493 qua
1169 2408 1301 2472 iufirrnis
1316 2427 1426 2491 corpus

187 2513 308 2578 Domini
333 2513 564 2578 reservabatur:
589 2511 626 2577 ad
650 2533 743 2596 quam
767 2514 911 2578 accedere
934 2533 992 2579 nou
1016 2513 1108 2579 debet
1129 2513 1191 2578 uisi
1210 2513 1351 2577 sacerdos
1375 2512 1424 2576 rel

183 2617 340 2683 diaeonus.
387 2615 444 2681 Vel
463 2616 564 2682 aliter.
606 2616 817 2682 Subdiaconus
841 2617 957 2682 intrare
978 2619 1080 2701 potest
1100 2616 1270 2683 sacrarium
1294 2616 1332 2681 ad
1352 2635 1423 2682 con·

183 2721 332 2803 tingendo
356 2740 429 2785 vasa
453 2739 557 2795 vacua,
582 2721 634 2785 sed
658 2741 716 2786 nnn
741 2724 843 2804 potest
866 2721 903 2785 ad
927 2720 1135 2803 contingenda
1159 2739 1243 2799 rasa,
1265 2720 1425 2804 inquibus

183 2826 219 2890 lit
242 2825 487 2890 sacratissimum
510 2843 619 2907 eorpus
644 2824 776 2890 Domini.
813 2825 868 2890 Vel
888 2824 989 2893 aliter.
1030 2825 1178 2907 Loquitur
1191 2823 1246 2908 ²⁷⁶)
1271 2824 1320 2887 bic
1339 2822 1426 2888 iuxta

180 2929 375 3013 quarumdam
397 2947 580 3011 magnarum
602 2928 802 2994 ecclesiarum
831 2928 1095 3005 consuetudinem,
1118 2928 1151 2991 in
1171 2928 1282 3011 quibus
1301 2926 1425 3010 propria

179 3034 256 3099 suot
278 3034 346 3099 loca
369 3032 538 3098 sacerdotis
561 3034 593 3098 et
616 3033 754 3115 dioccni;
789 3036 820 3098 et
850 3032 1019 3099 sacerdotis
1049 3032 1134 3097 locus
1162 3032 1276 3097 dicitur
1299 3032 1424 3116 presby·

179 3137 305 3217 terium,
329 3136 450 3202 diaconi
475 3155 545 3201 uero
567 3137 743 3220 appellatur
768 3137 954 3203 diaconium.
992 3137 1121 3218 Quando
1147 3155 1220 3221 ergo
1242 3135 1425 3219 sollempnia

180 3242 285 3307 cificia
310 3242 523 3317 celebrantur,
548 3260 608 3306 nen
633 3242 707 3307 licet
733 3241 972 3308 subdiaconibus
998 3246 1030 3306 et
1058 3241 1138 3307 inira
1161 3242 1226 3307 loca
1250 3240 1306 3307 illa
1327 3240 1424 3305 iutro·

179 3347 278 3430 gredi.
307 3345 484 3429 Capitulum
509 3364 590 3423 vero,
613 3344 691 3430 quod
718 3346 790 3411 huic
813 3346 934 3411 videtur
958 3343 1186 3433 [contrarium]¹
1210 3365 1269 3410 non
1286 3344 1423 3428 loquitor

179 3450 349 3515 secundum
373 3450 498 3515 illarum
522 3450 720 3515 ecclesiarum
743 3450 1005 3516 consuetudinem.
1057 3449 1129 3527 Vel,
1153 3448 1319 3514 secundnm
1342 3448 1422 3531 qnod

181 3554 362 3621 Cresconius
372 3556 427 3637 ⁹⁷⁸)
449 3553 541 3631 dicit,
562 3554 645 3618 istud
671 3554 856 3619 dictumest
879 3554 1046 3619 secundnm
1070 3554 1321 3619 consuetudinem
1344 3550 1422 3617 Gre-

284 3744 347 3815 2⁷3)
367 3746 417 3801 Dis
434 3746 490 3800 W.:
514 3745 645 3814 »archipn
665 3746 711 3816 qui
730 3745 811 3802 bodie
830 3746 947 3801 decanus
970 3746 1087 3801 dicitur«
1113 3746 1189 3801 citirt
1213 3746 1326 3801 Sebalte
1349 3745 1424 3801 aur.-

179 3832 266 3903 311³ss-
284 3832 432 3989 ξῇξὴὓοιη
450 3918 588 3975 Veriesser
607 3936 662 3975 uar
680 3920 786 3976 ireilich
804 3921 882 3975 nicbt
900 3919 1034 3984 bekannt,
1064 3921 1127 3975 dass
1154 3920 1183 3975 C.
1201 3922 1236 3975 26
1259 3920 1314 3975 und
1333 3919 1361 3976 C.
1380 3920 1424 3975 30.

177 4005 216 4060 D.
230 4004 266 4060 28
283 4006 417 4061 identiscb
437 4005 499 4060 sind
511 4007 564 4061 und
579 4023 630 4061 nur
642 4006 830 4061 verscbicdsns
840 4007 987 4062 Versicaen
1001 4006 1152 4063 descensu
1167 4008 1208 4062 21.
1222 4006 1301 4062 (lenc.
1315 4006 1423 4062 Laodic.

177 4092 345 4249 maudoit)
366 4180 446 4235 [lissa
465 4180 577 4250 Lbanng
594 4182 632 4235 ist
650 4198 698 4236 aas
713 4182 793 4236 Rufio
812 4183 947 4237 entlehnt.

283 4266 345 4335 276)
365 4265 451 4321 Sollte
469 4267 527 4322 sich
546 4267 633 4322 dieses
649 4267 722 4324 Citat
747 4268 796 4324 aui
811 4268 863 4323 den
882 4268 1083 4324 Grammatilrer
1100 4267 1256 4325 Cresconius
1275 4268 1422 4324 bezieben?

177 4350 285 4421 (vergi.
304 4352 369 4407 uber
388 4352 479 4408 diesen
499 4354 614 4423 'Peuffel
636 4353 730 4410 Gesch.
752 4356 799 4409 der
822 4360 887 4410 rbm.
908 4356 1074 4415 Litterstur.
1101 4356 1126 4423 ς.
1144 4357 1212 4420 435,
1236 4355 1286 4410 sab
1304 4355 1339 4424 5.)
1375 4356 1422 4410 lclr

176 4437 295 4493 braucbe
313 4439 383 4495 nobi
401 4440 481 4523 honr
501 4443 556 4494 erst
567 4439 756 4498 ausdrdclrlielr
771 4442 996 4507 berroraubebeu,
1015 4442 1076 4498 dass
1091 4443 1151 4497 eine
1164 4443 1255 4498 soleba
1268 4442 1422 4509 Erklriruug

174 4522 235 4579 sicli
253 4525 281 4580 in
301 4524 348 4580 der
364 4524 647 4596 Ceucnenssmmlung
663 4528 709 4583 des
727 4527 885 4584 Cresconius
902 4528 978 4584 nicht
995 4530 1089 4584 findet.
1112 4529 1179 4597 (Der
1197 4529 1262 4585 Cau.
1279 4526 1321 4582 al.
1341 4525 1421 4581 Corne.

174 4610 285 4669 laodic.
303 4612 379 4667 steht
397 4613 440 4668 bei
459 4613 615 4669 Cresconius
634 4632 654 4671 s.
673 4616 719 4671 tit.
731 4616 794 4680 171;
815 4616 901 4686 vergi.
920 4615 969 4670 das
988 4615 1155 4671 Breriarium
1173 4616 1203 4669 in
1222 4614 1270 4670 der
1289 4611 1420 4667 Biblictb.
