3275 4917
253 220 317 287 430
496 236 640 309 Synodus
658 240 845 297 dioecesana
865 242 1100 311 argentinensis
1120 256 1149 295 a.
1169 239 1252 294 laon.

253 430 307 494 pro
329 411 441 488 mixtis,
465 412 491 478 si
515 411 567 494 qui
589 413 722 491 exstent,
745 412 832 477 chori
847 411 981 478 virorum
998 430 1052 478 seu
1069 431 1241 497 puerorum,
1266 414 1496 496 quamprimum

252 518 303 582 eat
321 516 479 582 commode
502 516 567 582 fieri
590 517 715 600 poterit,
735 516 975 585 substituantur.

358 622 516 687 Rectorem
550 620 635 687 chori
668 620 774 705 legum
817 620 1098 687 ecclesiasticarum
1137 620 1176 686 ad
1212 623 1340 687 cautum
1372 638 1497 685 sacrum

252 727 458 811 spectantium
481 727 604 810 oportet
625 743 691 791 esso
714 744 856 809 gnarum.
904 725 995 792 Certo
1017 726 1106 803 sciat,
1131 727 1166 790 ut
1188 724 1336 809 exemplis
1358 726 1497 802 utamur,

252 851 329 916 quas
366 829 524 896 cantiones
562 830 611 896 rol
647 832 763 895 motetn
796 828 828 894 in
867 831 962 895 misse
995 832 1123 896 cantata
1155 830 1349 913 interponere
1383 828 1496 905 liceetr

254 937 440 1002 Benedictus
462 954 498 999 ex
522 933 709 1018 praescripto
737 937 806 1017 post
835 938 991 1017 peractam
1015 933 1226 1000 Elouetionom
1252 935 1403 1001 cantetur.
1449 932 1497 998 Te

252 1040 353 1107 Deum
384 1039 431 1105 vel
461 1039 538 1104 alios
572 1038 702 1124 hymnos
734 1039 896 1122 liturgicus
928 1057 1030 1106 coram
1059 1040 1195 1123 exposito
1218 1036 1270 1104 sS.
1295 1037 1497 1103 Sacramento

251 1145 361 1231 lingua
383 1144 546 1212 vernacula
567 1163 677 1209 canere
700 1143 879 1228 neutiquam
904 1143 986 1211 licet.

355 1248 412 1319 ul.
443 1248 521 1316 Cum
544 1248 679 1315 ollioium
704 1248 842 1313 divinum
870 1251 1030 1333 peractum
1057 1248 1131 1325 erit,
1164 1249 1212 1313 rel
1242 1248 1495 1332 quotiescumque

252 1356 357 1422 fidelos
380 1354 419 1422 ad
442 1354 579 1439 aliquam
609 1352 803 1418 devotionem
835 1353 1066 1431 concurrerint,
1093 1353 1216 1418 cantica
1245 1372 1332 1417 sacra
1367 1352 1495 1437 linguae

253 1459 434 1526 vernaculae
459 1460 629 1551 opportune
660 1456 899 1522 adhibebuntur.
947 1457 1099 1540 Quoniam
1131 1477 1246 1541 magua
1274 1456 1306 1521 in
1339 1458 1382 1522 ais
1412 1457 1495 1521 inest

251 1567 298 1633 vis
319 1563 458 1630 lidelinm
481 1563 600 1628 animos
625 1562 782 1640 movendi,
814 1560 1040 1627 studiosissime
1062 1565 1218 1628 curentur.
1266 1560 1374 1643 Quoad
1397 1580 1495 1626 uorns

251 1670 283 1735 in
306 1688 395 1735 nsum
420 1668 567 1735 dioecesis
591 1667 724 1732 Nostrae
746 1666 858 1732 edatur
880 1668 1071 1733 canticorum
1095 1666 1182 1744 liber,
1206 1666 1392 1750 quicumque
1415 1665 1492 1730 cho-

250 1795 319 1840 rum
341 1772 461 1857 dirigit,
484 1772 616 1857 parocho
638 1770 695 1836 loci
720 1771 749 1836 in
768 1772 930 1837 consilium
948 1772 1097 1838 advocato
1112 1772 1270 1837 cantiones
1290 1770 1495 1836 concinendas

249 1881 295 1945 ita
317 1878 382 1963 ipse
405 1877 528 1961 seligat,
553 1877 588 1942 ut
610 1896 661 1942 eae
684 1876 847 1959 praeferet,
871 1895 948 1960 quas
970 1878 1002 1941 et
1026 1877 1181 1961 antiquior
1199 1880 1286 1941 aetas
1307 1876 1339 1941 et
1355 1876 1405 1959 pia
1419 1894 1494 1959 gra-

251 1985 331 2050 vitas
353 1984 453 2068 magis
474 1980 701 2048 commendant.

352 2085 406 2156 36.
438 2085 596 2170 Orgnnum
621 2104 742 2169 semper
771 2086 858 2169 gravi
888 2086 999 2170 pioque
1027 2086 1115 2151 modo
1139 2086 1294 2169 pulsetur3
1326 2084 1494 2168 diligenter

249 2192 417 2258 carendum
441 2193 499 2269 ost,
522 2208 559 2255 no
582 2188 655 2273 quid
680 2189 853 2254 mundanae
878 2190 1013 2255 levitatis
1036 2191 1152 2273 egregii
1177 2190 1270 2273 huius
1292 2190 1493 2254 instrumenti

248 2316 341 2363 sonus
360 2314 433 2379 prae
457 2314 490 2361 se
511 2294 599 2371 ierat,
623 2293 676 2359 sed
700 2294 802 2379 potius
825 2293 964 2359 modesta
984 2294 1144 2359 inarmonia
1160 2295 1307 2378 pietatem
1326 2294 1493 2377 adaugeat.
1628 2302 1629 2305 ’

249 2400 347 2483 Quem
371 2400 409 2466 ad
433 2398 525 2465 linem
547 2398 706 2483 organista
726 2417 785 2462 uon
809 2398 908 2464 solum
932 2400 1031 2463 artam
1054 2418 1141 2465 suam
1173 2398 1278 2465 sedulo
1307 2399 1407 2477 colat,
1439 2398 1493 2463 sed

248 2506 344 2572 etiam
367 2504 546 2589 praccepta,
568 2502 679 2589 quibus
702 2522 886 2587 organorum
911 2522 984 2569 usus
1007 2506 1215 2587 temperatur,
1247 2503 1331 2570 haud
1353 2502 1494 2587 segniter

248 2610 358 2679 discet.
404 2608 495 2676 Modo
518 2608 599 2674 enirn
623 2626 739 2692 organa
763 2608 879 2692 pulsari
902 2610 992 2686 licet,
1016 2609 1106 2675 modo
1128 2609 1173 2674 eis
1196 2608 1348 2673 silendum
1372 2612 1420 2672 est
1444 2607 1491 2671 rel

247 2716 384 2794 omniuo,
409 2715 456 2779 rel
479 2714 589 2779 saltem
613 2732 681 2777 cum
705 2713 777 2779 silet
799 2718 919 2780 cantus.
963 2714 1066 2798 Aliqui
1090 2732 1194 2778 sacrae
1217 2712 1366 2796 liturgiae
1387 2712 1492 2777 textus

248 2821 342 2885 certis
371 2818 598 2885 conditionibus
627 2836 742 2902 organo
771 2819 908 2902 suppleri
939 2818 1061 2902 quidem
1088 2822 1234 2901 possunt,
1268 2816 1355 2882 nulla
1385 2820 1491 2881 tamen

248 2944 318 3009 pars
340 2922 478 3010 Symboli
500 2924 679 2999 omittetur,
713 2920 810 2987 Credo
841 2925 913 2987 ante
942 2922 1131 2988 offertorium
1158 2923 1277 2987 cantari
1300 2922 1420 3005 oportet
1444 2920 1491 2984 in-

246 3031 380 3115 tegrum.
426 3028 570 3095 Getarum
593 3028 688 3094 etiam
711 3028 742 3092 iu
767 3028 880 3106 missis,
903 3028 934 3092 in
959 3028 1070 3112 quibus
1092 3030 1203 3093 cantus
1226 3026 1380 3112 liguratur
1401 3044 1492 3090 usur-

204 3214 211 3228 ⁴
248 3137 358 3218 patnr,
387 3130 484 3199 (trodo
506 3132 673 3198 choraliter
694 3132 814 3197 concini
840 3131 950 3215 placet.
998 3130 1075 3197 Cum
1099 3132 1251 3198 aliatum
1277 3132 1353 3197 haec
1374 3131 1492 3214 optimo

247 3238 366 3305 norant
388 3238 573 3322 organista!

349 3340 405 3412 to.
437 3342 526 3409 Intra
555 3342 715 3408 ecclesium
748 3342 867 3407 musica
896 3341 1140 3406 instrumentalis
1160 3341 1238 3407 satis
1262 3342 1376 3407 lrabeat
1400 3341 1492 3405 modo

247 3447 359 3533 digno,
386 3468 445 3513 uon
468 3447 590 3532 lragoso
612 3447 795 3513 canentibus
818 3447 943 3511 adesse:
974 3446 1071 3511 alium
1105 3445 1198 3530 hujus
1229 3446 1361 3511 musices
1390 3464 1493 3521 usum,

245 3552 320 3617 dum
343 3550 480 3618 officium
502 3551 640 3617 divinum
664 3551 785 3635 agitur,
816 3554 848 3616 in
879 3552 995 3617 Nostra
1026 3550 1156 3616 dioecesi
1189 3568 1247 3615 non
1270 3550 1491 3634 permittimus.

244 3657 334 3740 Quod
356 3657 383 3722 si
404 3662 490 3723 extra
509 3657 680 3734 ecclesiam,
704 3661 739 3721 ut
761 3657 800 3721 ad
825 3658 1050 3739 processiones,
1075 3655 1251 3733 advocetur,
1273 3658 1348 3721 tunc
1369 3672 1492 3739 qnoque

245 3762 401 3846 graviores
422 3760 622 3847 symphoniae
645 3761 841 3844 potissimum
864 3760 1053 3847 deligantur.

543 3932 619 4018 cap.
641 3936 711 4002 ΠΙ.
748 3934 797 4001 Dc
818 3934 958 4001 ecclesiis
980 3941 1009 4002 ct
1029 3936 1187 4003 meteriis.

348 4071 400 4143 37.
428 4074 579 4157 Quamvis
598 4074 743 4139 ecclesias
765 4076 798 4139 et
820 4074 955 4140 oratoria
984 4075 1140 4140 exstruere
1166 4074 1251 4158 pium
1276 4075 1308 4139 et
1330 4072 1490 4139 laudabile

244 4198 321 4265 opus
343 4180 402 4258 sit,
430 4180 546 4247 nemini
572 4181 678 4245 tamon
699 4178 730 4244 id
753 4178 889 4263 incipere
911 4178 1001 4257 lieet,
1033 4179 1091 4244 uisi
1122 4180 1161 4245 ab
1192 4177 1333 4263 episcopo
1363 4175 1490 4245 delinito

244 4287 321 4351 data
340 4286 383 4351 sit
405 4284 542 4364 licentia,
564 4304 643 4369 quae
665 4303 719 4368 por
741 4285 909 4367 parochum
933 4284 1065 4367 petenda
1088 4288 1156 4363 est;
1181 4302 1261 4368 qnae
1284 4282 1410 4349 licentia
1429 4301 1490 4348 non

244 4390 333 4455 ruodo
355 4389 395 4453 ad
417 4388 624 4455 aedificandas
650 4388 810 4467 ecclesias,
842 4389 896 4455 sed
927 4388 1022 4455 etiam
1055 4390 1214 4472 atempla
1237 4388 1417 4473 amplianda
1441 4387 1489 4453 rel

243 4492 463 4559 commutanda
482 4492 651 4577 requiritur
672 4492 723 4575 (G.
746 4493 813 4577 37).

344 4594 399 4665 88.
426 4596 522 4663 toene
542 4595 690 4662 ecelesiae
710 4598 911 4663 orstmendae
935 4618 993 4664 uon
1016 4600 1115 4666 asolo
1130 4600 1261 4685 parocho
1278 4600 1325 4665 rel
1341 4618 1361 4664 a
1377 4600 1484 4683 paucis
