3275 4917
237 178 299 250 18⁶
409 201 514 259 Dubio
532 204 618 260 esraa
637 201 728 260 Rom
745 203 991 261 Assoctultorscm
1008 221 1029 260 u
1049 203 1146 261 Sucro
1165 203 1311 265 Famula

241 373 329 443 Unde
350 376 506 460 responsio
527 394 610 443 mere
631 375 781 444 directius
800 375 880 457 luit,
910 377 949 445 ad
979 378 1131 445 unitatem
1164 376 1285 445 scilicet
1313 397 1332 443 a
1354 376 1480 445 Summo

239 479 388 547 Pontitice
409 481 654 547 commendatam
677 481 778 567 magis
801 482 961 567 magisque
984 482 1175 549 servandam.

339 584 381 653 11.
417 584 468 650 Ad
491 586 551 650 2ΙΙΙΙΙ
573 586 708 652 Dubium
729 587 761 652 iu
784 586 891 652 eadem
915 587 1117 673 llpbemeride
1141 587 1272 653 relatum
1295 609 1322 670 p.
1339 586 1403 653 413
1421 610 1478 654 -ε

239 690 307 753 »Au
330 688 482 769 sufficiat,
510 693 545 755 ut
566 691 717 775 parochus
736 691 836 757 solam
866 712 979 759 nomen
1007 696 1112 775 patris
1134 692 1183 757 vel
1206 691 1317 775 capitis
1341 690 1478 757 familiae

236 791 266 856 iu
296 793 402 859 tabula
435 792 676 862 consociationis
708 794 738 862 S.
774 795 923 861 Pamiliae
952 796 1068 862 reserat
1102 796 1149 862 rel
1184 797 1309 893 singula
1341 795 1478 861 familiae

236 897 375 964 membra
397 898 563 966 inscribere
586 900 739 966 debeata«
764 938 803 947 -
831 901 1020 985 Responsum
1037 905 1085 967 est
1101 901 1255 985 Negatire
1276 901 1314 966 cd
1337 902 1393 964 illn
1410 920 1479 983 par·

235 1003 309 1081 tem,
332 1001 518 1069 affirmative
541 1004 579 1068 ed
605 1007 663 1069 2⁸¹⁰
686 1040 728 1054 —
751 1006 842 1071 Nouo
866 1006 1039 1089 quaeritur,
1073 1006 1147 1090 quid
1180 1005 1220 1071 sit
1241 1004 1476 1090 intelligendum

236 1125 288 1187 per
311 1107 435 1191 singula
457 1108 595 1174 familiae
618 1111 784 1174 membra?
810 1147 845 1155 —
878 1110 967 1193 Resp.
992 1109 1132 1195 intelligi
1155 1109 1248 1176 debet
1264 1130 1327 1192 pro
1347 1131 1478 1177 numro

235 1210 324 1275 mluli
346 1212 564 1296 membrorum,
588 1232 646 1278 non
670 1215 774 1278 autem
800 1233 853 1296 pro
876 1213 1007 1298 singulis
1031 1212 1195 1279 eorundem
1220 1213 1403 1280 nominibus.

340 1314 396 1381 lIl.
423 1315 531 1383 Utrum
555 1318 735 1402 negligente
758 1316 805 1381 uel
828 1316 926 1382 invito
942 1317 1175 1400 patrefamilias,
1199 1317 1297 1401 possit
1314 1320 1412 1383 muter
1429 1318 1477 1383 rel

238 1417 342 1501 aliqua
364 1437 399 1484 er
422 1421 594 1506 praecipuis
618 1419 754 1485 familiae
771 1421 907 1502 personis
924 1439 951 1485 v.
968 1440 1014 1504 gr.
1031 1441 1116 1499 evus,
1136 1420 1286 1485 familiam
1304 1421 1477 1487 adscribere

237 1521 273 1587 P.
297 1523 362 1590 lt?
383 1560 427 1573 -
448 1525 651 1592 affirmative.

339 1627 392 1696 lV.
426 1629 535 1695 Utrum
559 1629 678 1713 possint
700 1627 912 1705 filiifamilias,
937 1630 1034 1707 servi,
1060 1628 1191 1707 milites,
1215 1647 1281 1694 sese
1304 1628 1476 1694 adscribere

237 1730 271 1794 P.
294 1730 333 1797 Δ.
356 1734 482 1799 seorsim
507 1754 525 1800 a
547 1733 669 1819 propria
690 1731 833 1797 familia?
855 1766 896 1780 -
921 1732 1073 1817 Negatire
1096 1732 1187 1797 etad
1212 1735 1355 1800 mautmr.
1390 1734 1475 1798 Mens

236 1852 304 1899 vero
326 1838 384 1914 est,
408 1838 443 1900 ut
466 1837 581 1922 singuli
602 1857 671 1903 cum
695 1837 759 1901 suis
782 1835 876 1901 simul
900 1836 1126 1912 adscribantur,
1153 1837 1265 1921 quibus
1288 1836 1476 1921 negligenti·

235 1938 292 2003 bus
314 1940 359 2004 rel
385 1942 606 2022 recusantibus,
631 1946 775 2027 poterunt
797 1940 924 2006 seorsim
948 1959 1014 2006 sese
1036 1939 1218 2009 adscribere.

339 2045 375 2111 V.
415 2046 524 2111 Utrum
555 2046 667 2130 aliquis
695 2045 792 2129 possit
824 2063 890 2111 sese
918 2044 1017 2110 aalide
1045 2043 1218 2111 adscribere
1242 2046 1272 2109 in
1298 2044 1398 2109 aliena
1420 2065 1474 2127 pa-

235 2146 360 2212 roecia?
393 2184 429 2195 υ
465 2148 557 2233 Resp.
592 2149 756 2233 Negatire.
801 2148 867 2213 Nee
903 2147 1027 2231 proinde
1061 2151 1164 2230 potest
1195 2148 1344 2231 parochus
1376 2148 1476 2215 aalide

234 2249 351 2315 alienos
374 2251 563 2329 adscribere,
586 2254 619 2316 et
642 2252 696 2336 qui
718 2252 826 2317 taliter
847 2251 972 2317 luerunt
996 2252 1160 2335 adscripti,
1186 2251 1300 2318 debent
1321 2253 1420 2319 denuo
1442 2252 1475 2317 in

234 2354 355 2438 propria
378 2356 518 2439 paroecia
541 2355 684 2425 adscribi

338 2460 454 2526 Romae
475 2480 510 2525 ex
534 2459 612 2526 aad.
635 2460 738 2525 Vicat.
763 2459 793 2527 d.
818 2460 869 2524 12.
892 2458 965 2526 Dec.
989 2460 1082 2527 1893.

801 2564 843 2629 R.
867 2563 1032 2643 Obimerrli,
1057 2562 1214 2631 Pro-Secu.
1238 2564 1272 2631 O.
1296 2562 1326 2630 S.
1353 2564 1386 2632 P.

338 2668 433 2733 limus
453 2668 542 2736 card.
569 2668 709 2735 Vicarius
731 2668 858 2736 Praeses
884 2669 918 2734 P.
941 2667 1185 2735 Consociationis
1207 2667 1237 2735 S.
1255 2668 1405 2734 Familiae
1421 2688 1475 2753 per

232 2770 461 2856 infrascriptum
495 2773 752 2840 Prosecretarium
781 2772 945 2855 respondet
975 2773 1050 2839 bimo
1079 2772 1156 2838 Rmo
1180 2771 1338 2838 Cardinali
1361 2773 1474 2838 Archi·

232 2874 372 2958 episcopo
396 2874 568 2943 Coloniensi
592 2878 775 2943 decisionem
800 2877 933 2941 relatam
957 2877 986 2941 in
1011 2876 1111 2942 literis
1133 2877 1189 2941 sub
1213 2876 1262 2941 die
1283 2879 1312 2942 2.
1327 2875 1473 2944 Januarii

235 2979 317 3043 1894
339 2980 574 3065 intelligendam
597 3000 663 3047 esse
685 3002 738 3065 pro
761 3000 888 3047 numero
912 2981 1002 3045 totali
1031 2981 1254 3058 membrorum,
1287 3000 1345 3046 uon
1369 2985 1473 3047 autern

231 3103 286 3166 pro
307 3084 440 3167 singulis
461 3086 636 3151 eorumdem
660 3086 851 3164 nominibus,
880 3086 926 3149 ita
950 3088 985 3149 ut
1011 3086 1039 3149 in
1066 3085 1197 3169 registro
1219 3084 1337 3151 suffieit
1359 3086 1473 3151 iuscri-

230 3187 303 3253 bere
321 3207 430 3253 nomen
453 3189 566 3272 capitis
588 3189 727 3254 familiae
747 3208 816 3253 cum
840 3208 885 3255 er.
909 3209 955 3273 gr.
980 3190 1114 3273 quinque
1139 3189 1294 3254 membris.

336 3293 451 3359 Romae
474 3312 509 3358 ex
533 3293 672 3359 Aedibus
696 3293 873 3358 vicariatus
896 3292 945 3358 die
967 3294 1020 3361 23.
1046 3294 1133 3361 Pebr.
1165 3294 1257 3361 1894.

946 3398 1095 3481 Rupbuel
1119 3398 1282 3477 Ctiments',

809 3501 1055 3568 Prosecretarins
1072 3504 1105 3571 P.
1123 3502 1213 3570 Cous.
1233 3501 1263 3568 S.
1283 3500 1441 3569 Familiae.

438 3606 504 3661 Euro
520 3606 589 3661 Raro
608 3606 723 3661 Domino

268 3692 359 3749 θανά.
379 3692 550 3756 la'remenls,
568 3691 694 3761 Arobiep.
714 3689 876 3747 coloniensi.
