3275 4917
243 252 308 319 446
489 267 634 339 Quados
651 270 837 326 dioecesano
858 268 1095 340 llrpenttueaole
1113 286 1142 324 a.
1161 268 1246 325 1894.

244 463 364 528 semper
397 440 478 526 nigri
512 440 622 507 coloris
652 460 717 507 esse
748 440 849 507 debet.
906 440 1019 507 Nullus
1054 444 1158 508 tamen
1187 441 1328 507 sacerdos
1362 441 1492 508 missam

244 547 399 614 celebrare
421 545 470 611 rel
489 546 685 612 sacramenta
707 545 926 612 administrare
949 546 1080 627 audeat,
1113 546 1187 632 quin
1215 547 1300 612 reste
1323 546 1417 612 talari
1441 548 1491 611 ia·

245 653 339 718 dutus
360 650 411 719 sit.

347 771 420 843 114.
451 771 509 839 Jus
538 772 653 837 habent
683 770 788 835 clerici
818 769 971 837 reditibus
997 772 1216 837 ecclesiasticis
1239 772 1346 838 utendi
1371 772 1408 837 ad
1434 772 1493 838 ho·

246 884 364 948 uastam
386 875 663 952 srrstentationem;
694 875 778 940 nefas
799 878 871 957 est,
903 875 973 941 illos
999 876 1031 940 in
1059 875 1186 942 delicias
1217 876 1409 961 impendere3
1437 897 1491 942 su·

244 984 361 1071 perflue
383 981 465 1047 enirn
487 980 518 1044 iu
540 979 607 1062 pios
629 997 702 1043 usus
724 980 799 1045 sunt
818 980 986 1063 eroganda.

348 1093 547 1161 Sacerdotem
570 1091 669 1177 igitur
689 1090 799 1156 domus
822 1110 880 1157 non
902 1094 1100 1175 sumptuosa,
1132 1092 1186 1159 sed
1214 1092 1348 1178 simplici
1368 1096 1400 1159 et
1424 1112 1490 1159 mo-

244 1201 333 1267 desta
353 1196 537 1283 supellectili
560 1196 624 1261 sint
645 1194 823 1273 ordinatam
853 1198 953 1261 ominis
982 1196 1015 1261 in
1046 1216 1083 1262 ea
1103 1197 1185 1263 absit
1208 1197 1365 1263 mundana
1385 1202 1492 1263 osten-

244 1306 333 1372 tatio.
379 1303 437 1368 llos
458 1301 635 1378 hortamur,
669 1302 719 1380 nt,
750 1300 975 1383 temperantiae
1004 1304 1034 1365 et
1057 1299 1306 1367 mortificationis
1329 1301 1491 1387 praedica·

244 1414 341 1487 tores,
371 1406 578 1473 insatiabilem
609 1405 724 1470 saeculi
751 1404 903 1469 luxuriam
925 1424 998 1469 suae
1022 1406 1200 1471 sobrietatis
1223 1408 1360 1491 exemplo
1384 1406 1491 1471 redar·
1628 1404 1629 1415 ’

244 1534 338 1600 gnere
359 1512 469 1577 sciant.
515 1508 585 1575 Sint
606 1509 664 1593 ipsi
688 1528 779 1591 parca
801 1528 907 1574 mensa
930 1510 1083 1586 coutenti;
1108 1511 1140 1574 et
1163 1510 1216 1575 ubi
1237 1511 1412 1588 amicitiae,
1436 1529 1488 1575 ca·

244 1620 360 1696 ritatis,
383 1614 612 1680 beneuolentiae
635 1613 739 1697 gratia
761 1612 932 1678 confratres
955 1614 1100 1711 inritant,
1122 1614 1156 1678 iu
1177 1613 1355 1680 adornanda
1371 1633 1488 1701 mansa,

244 1722 369 1809 regulas
393 1717 584 1803 frugalitatis
605 1718 724 1801 jugiter
746 1720 879 1784 servent.

346 1840 418 1911 llb.
450 1840 613 1906 ueieomm
640 1840 789 1906 conviviis
810 1859 879 1905 raro
902 1842 934 1905 et
958 1840 1082 1924 quidem
1106 1840 1284 1907 cautissime
1308 1840 1412 1906 clerici
1435 1840 1486 1905 in·

243 1950 365 2017 tersint.
412 1945 547 2011 Multum
572 1945 713 2011 deorsum
736 1945 901 2023 trahimur,
925 1964 994 2011 cum
1018 1945 1227 2011 saecularibus
1250 1945 1325 2011 viris
1346 1946 1487 2029 nequen-

243 2056 306 2121 tius
329 2050 551 2128 admiscemur,
577 2050 628 2114 »et
650 2048 741 2115 facile
765 2050 972 2116 contemnitur
994 2049 1141 2128 clericus,
1169 2051 1223 2133 qui
1246 2069 1338 2132 saepe
1362 2052 1489 2114 vocatus

244 2156 283 2224 ad
306 2153 469 2241 prandium
492 2154 537 2219 ire
561 2172 717 2237 nunquam
739 2156 891 2219 recusat«
929 2153 973 2240 (S.
998 2153 1083 2218 Hier.
1109 2152 1148 2218 ad
1174 2154 1301 2238 Nepet.)
1339 2153 1490 2219 Convivia

245 2260 398 2345 nuptialia
420 2278 457 2324 ne
479 2258 592 2323 adeant
615 2257 730 2336 clerici,
760 2258 817 2323 nisi
841 2258 905 2325 sint
927 2258 1176 2325 contrahentium
1202 2258 1337 2341 proxime
1360 2276 1489 2322 consau-

245 2362 361 2450 guinei.

346 2473 416 2543 nu.
451 2471 631 2539 Sacerdotes
663 2472 695 2538 iu
723 2472 918 2553 diversoriis,
950 2472 1089 2539 tabernis
1120 2474 1250 2558 aliisque
1274 2474 1487 2558 hujuscemodi

243 2580 318 2649 locis
340 2578 602 2664 (Statiousbuliat,
625 2577 698 2661 eto.)
720 2577 824 2643 cibum
849 2578 897 2644 rel
919 2579 1025 2662 potum
1050 2597 1205 2662 nunquam
1228 2582 1354 2644 sumant
1377 2580 1436 2644 uisi
1455 2580 1487 2643 in

244 2684 407 2751 itineribus
427 2684 483 2748 aut
507 2681 700 2748 necessitatis
723 2701 826 2747 causa.
872 2682 980 2748 Talem
1001 2682 1215 2747 necessitatem
1249 2684 1280 2746 in
1312 2682 1378 2748 loco
1411 2684 1486 2747 resi·

242 2790 366 2856 dentiae
389 2806 554 2872 nunqnam,
580 2786 611 2850 in
636 2785 748 2852 ricinia
769 2790 874 2853 autem
898 2788 947 2852 rix
969 2786 1094 2852 admitti
1111 2806 1197 2871 posse
1213 2786 1401 2871 intelligant
1427 2788 1487 2853 Ubi

243 2913 314 2961 vero
335 2891 479 2975 legitima
497 2888 585 2955 adest
605 2889 695 2968 ratio,
718 2908 872 2974 cauponas
888 2908 1046 2974 uunquam
1063 2890 1242 2955 inhonestas
1260 2890 1486 2975 ingrediantur,

242 2998 346 3082 ibique
361 3012 482 3078 semper
496 2995 733 3077 temperantiam
749 2997 781 3061 et
793 2994 975 3061 modestiam
993 2994 1091 3059 ordini
1104 2993 1239 3060 clericali
1254 2996 1486 3061 convenientem

244 3122 315 3188 praa
337 3120 371 3167 se
392 3101 502 3169 lerant.

346 3220 414 3293 117.
437 3222 632 3307 Quamquam
655 3222 830 3288 sacerdotes
853 3222 971 3287 animos
993 3220 1120 3289 honeste
1143 3221 1280 3287 relaxare
1302 3241 1360 3287 non
1379 3224 1488 3287 retan-

242 3332 312 3407 tur,
341 3332 446 3393 tamm
470 3326 546 3412 ipsis
569 3326 653 3393 naias
680 3329 747 3404 est,
772 3326 805 3391 in
835 3325 968 3391 ludendo
990 3326 1158 3411 pretiosum
1178 3329 1334 3393 conterere
1354 3328 1487 3409 tempus,

242 3433 323 3517 quod
346 3433 385 3499 ad
405 3432 538 3517 gloriam
562 3429 619 3496 Dei
639 3430 813 3515 aagendam
833 3430 1014 3513 animasque
1030 3430 1196 3497 lucrandas
1212 3430 1347 3497 conterre
1363 3430 1487 3499 debant.

244 3537 361 3604 Diebus
382 3555 452 3603 rero
475 3535 556 3602 tosti·
571 3534 756 3619 patronalis,
787 3534 976 3600 adorationis
999 3537 1181 3620 perpetuae,
1212 3534 1413 3601 collationum
1437 3553 1488 3600 ec·

242 3642 487 3709 clesiasticarum
510 3641 554 3706 eis
575 3640 646 3705 lusu
668 3638 791 3705 omnino
813 3639 1038 3707 interdicimus.

345 3761 417 3832 118.
455 3763 532 3829 uum
563 3760 737 3827 sacerdotes
773 3761 955 3827 conformari
990 3762 1062 3827 huia
1094 3760 1217 3827 saeculo
1248 3764 1281 3827 et
1314 3761 1487 3826 mundanas

242 3866 413 3933 adsciscere
436 3864 673 3933 consuetudines
695 3866 828 3931 maxime
851 3864 1015 3942 dedeceat,
1047 3884 1167 3931 orrruam
1198 3865 1345 3931 laicorum
1370 3884 1486 3931 morem

242 3990 313 4037 cum
335 3970 471 4037 clericali
500 3970 651 4037 modestia
680 3970 782 4035 miuus
813 3972 1035 4053 congruentem
1066 3972 1115 4049 (ut
1139 3988 1165 4035 r.
1191 3988 1359 4053 garonam
1383 3970 1489 4037 tahuca'

241 4076 274 4141 iu
297 4075 419 4159 publico
437 4064 496 4143 ¹ant
517 4094 587 4141 cum
608 4073 697 4140 laicis
719 4073 872 4158 inmundi)
895 4073 1063 4159 diligenter
1085 4074 1234 4140 devitent.

345 4194 417 4265 119.
451 4196 510 4278 Qui
542 4196 671 4262 adversa
699 4196 877 4262 valetudine
908 4196 945 4262 ad
978 4214 1073 4281 aquas
1105 4195 1256 4279 proficisci
1279 4197 1378 4261 coacti
1401 4198 1486 4273 sunt,

241 4302 287 4367 ibi
309 4321 366 4368 uon
392 4301 492 4367 solum
516 4300 721 4380 christianae,
753 4304 806 4366 sed
839 4302 934 4367 etiam
965 4300 1118 4367 clericalis
1146 4300 1315 4365 modestiae
1345 4300 1431 4383 leges
1454 4300 1487 4365 in

241 4406 384 4472 omnibus
405 4424 527 4471 serrare
550 4405 705 4473 studeant.
749 4405 835 4487 Quae
865 4424 936 4471 sero
967 4406 1046 4471 sacri
1074 4423 1205 4471 canones
1232 4403 1358 4471 clericos
1385 4404 1487 4469 facere

243 4512 351 4576 vetant
371 4510 422 4595 (ut
443 4511 576 4577 theatris
595 4509 767 4595 iuteresse),
791 4529 829 4575 ea
852 4528 889 4575 ne
912 4510 1089 4575 balneorum
1110 4508 1234 4593 quidem
1251 4508 1281 4573 in
1298 4506 1487 4573 stationibus

242 4613 303 4681 sibi
325 4614 419 4680 licere
441 4613 629 4680 existiment.
